3594 5292
520 1255 807 1364 rimoooto
847 1261 1174 1384 tondendo

330 1539 537 1608 Subirasccre
562 1539 698 1608 fortasse
728 1559 830 1626 neque
852 1541 886 1608 id
907 1541 1035 1626 iniuria,
1063 1541 1112 1607 vir
1134 1558 1269 1624 summe,
1295 1537 1376 1604 libro
1399 1537 1457 1602 tibi

244 1661 350 1730 oblato
372 1662 518 1746 quicum
541 1661 667 1730 omnino
688 1662 721 1728 in
743 1663 943 1730 librariorum
963 1662 1123 1730 erroribus
1146 1658 1371 1730 coacervandis
1386 1679 1455 1724 ver-

244 1789 345 1868 satur,
375 1803 454 1866 quos
477 1803 569 1849 nemo
588 1784 714 1869 attingit
735 1785 796 1854 nisi
819 1791 962 1872 coaetus,
985 1791 1052 1852 tum
1073 1785 1107 1850 in
1129 1784 1197 1850 eius
1218 1787 1333 1867 poetae
1352 1800 1456 1848 emen-

245 1903 389 1990 datione,
414 1923 508 1986 quem
529 1911 681 1988 quantum
703 1912 921 1974 contemneres
943 1928 1006 1972 non
1024 1904 1184 1972 reticuisti.
1226 1901 1341 1986 quodsi
1358 1901 1457 1968 nihilo

244 2025 348 2092 minus
374 2025 432 2090 tibi
458 2025 659 2112 potissimum
678 2046 761 2109 quae
783 2027 897 2114 scripsi
917 2048 1009 2094 sacra
1029 2027 1118 2111 volo,
1147 2025 1230 2092 facio
1252 2020 1287 2090 id
1307 2023 1458 2110 religione

245 2146 425 2232 obstrictus,
446 2152 481 2212 ut
495 2147 611 2232 triplex
626 2154 735 2215 votum
751 2151 931 2215 exolverem
946 2149 1146 2216 meritissimo
1162 2146 1290 2230 quidem
1304 2166 1343 2212 ao
1356 2145 1459 2210 libens

246 2265 410 2333 sedidem
432 2267 639 2334 tristissimus.
686 2289 756 2335 cum
780 2271 862 2336 enim
884 2270 1140 2338 adulescentulus
1160 2268 1203 2335 ad
1218 2267 1343 2334 Orionis
1357 2265 1460 2332 Iahnii

246 2387 347 2473 pedes
381 2388 596 2455 consedissem
631 2392 871 2475 exciperemque
897 2413 937 2457 ex
967 2412 1021 2458 ore
1047 2392 1081 2457 in
1110 2409 1172 2472 quo
1196 2387 1306 2455 Suada
1328 2385 1461 2454 sedebat

249 2530 410 2576 sermones
433 2516 465 2576 et
487 2511 580 2595 copia
601 2517 632 2576 et
653 2512 810 2577 suavitate
832 2513 1063 2597 ornatissimos,
1084 2511 1139 2577 diu
1160 2516 1317 2592 noctuque
1337 2509 1459 2574 ferven-

250 2631 370 2698 tissimo
393 2631 555 2697 excitabar
569 2631 803 2698 maturescendi
818 2632 991 2719 desiderio,
1013 2640 1049 2700 ut
1062 2633 1142 2718 ipsis
1157 2630 1354 2697 dilectissimi
1368 2650 1459 2715 prae-

250 2754 385 2838 ceptoris
416 2754 515 2820 oculis
548 2753 724 2822 studiorum
754 2756 911 2840 primitias
936 2756 1046 2822 liceret
1072 2755 1150 2820 mihi
1179 2753 1331 2820 subicere.
1385 2771 1460 2816 mox

249 2895 319 2941 cum
341 2875 485 2941 Mauricii
499 2875 630 2961 Hauptii
652 2878 843 2962 gravissima
865 2877 1045 2960 eloquentia
1060 2877 1092 2942 in
1107 2877 1213 2942 animo
1232 2895 1302 2941 mec
1318 2873 1459 2939 stimulos

248 2996 408 3082 infigeret,
447 2996 666 3081 discercmque
702 3000 853 3066 terminos
887 3000 1001 3082 quibus
1035 3019 1133 3066 verae
1165 2997 1244 3063 artis
1279 2996 1409 3061 libertas
1442 3015 1463 3059 a

250 3116 378 3183 licentia
401 3137 483 3200 quae
506 3125 607 3184 artem
626 3121 775 3186 mentitur
797 3120 997 3206 discernitur,
1020 3119 1098 3204 quid
1119 3125 1265 3204 poteram
1279 3117 1374 3182 altius
1389 3137 1461 3182 con-

253 3237 414 3321 cupiscere
437 3259 532 3321 quarn
556 3247 590 3305 ut
611 3240 783 3323 aliquando
805 3243 852 3306 illi
867 3241 988 3325 aliquid
1005 3260 1134 3327 possem
1149 3239 1277 3323 offerre,
1298 3235 1384 3320 quod
1398 3257 1461 3302 non

255 3357 482 3445 dedignaretur
503 3361 630 3428 nomine
653 3383 709 3429 suo
733 3363 966 3429 condecorare?
1011 3361 1069 3428 sed
1090 3368 1223 3444 utraque
1247 3379 1320 3444 spes
1342 3356 1462 3423 fefellit.

252 3502 312 3566 ego
344 3502 421 3549 vero
453 3482 635 3550 domesticis
669 3504 794 3567 quoque
825 3486 908 3551 curis
943 3483 1130 3570 gravissime
1164 3481 1308 3548 adflictus
1339 3480 1464 3544 firmum

253 3602 397 3669 columen
435 3624 497 3686 quo
535 3624 631 3686 quam
663 3605 800 3671 maxime
835 3607 969 3691 egebam
998 3627 1062 3671 non
1095 3605 1213 3671 frustra
1246 3600 1463 3684 circumspexi.

252 3744 347 3806 quam
369 3725 501 3791 comiter
520 3723 606 3790 idem
629 3732 724 3808 atque
745 3727 885 3810 graviter
907 3732 941 3792 tu
962 3747 1014 3792 me
1041 3725 1237 3810 excepisses,
1264 3722 1465 3789 ambitiosum

251 3845 333 3910 foret
364 3845 392 3912 si
421 3846 537 3912 vellem
564 3846 689 3930 publice
718 3846 875 3931 profiteri,
908 3847 936 3913 si
963 3847 1083 3932 gratias
1112 3846 1170 3912 tibi
1199 3845 1320 3910 referre
1340 3841 1464 3925 vellem,

251 3965 335 4033 foret
355 3967 457 4033 inane.
503 3974 537 4033 at
563 3967 646 4034 hunc
672 3968 825 4052 libellum,
857 3969 1001 4050 quamvis
1031 3968 1112 4034 exile
1135 3966 1254 4033 donum
1276 3972 1381 4032 tamen
1403 3982 1465 4045 quo

252 4087 365 4154 melius
388 4088 533 4154 cariusve
555 4108 618 4154 non
639 4088 790 4173 habeam,
814 4088 968 4154 benevole
990 4108 1109 4172 quaeso
1129 4087 1281 4172 accipias,
1305 4090 1338 4150 et
1356 4083 1414 4149 tibi
1435 4090 1466 4149 et
1542 4137 1544 4142 ,

253 4209 377 4293 magnis
410 4209 473 4276 illis
500 4209 593 4294 viris,
628 4228 762 4293 quorum
791 4210 945 4275 memoria
972 4207 1015 4274 ad
1038 4215 1069 4274 te
1088 4208 1164 4274 mihi
1187 4206 1307 4272 aditum
1329 4205 1465 4292 paravit,

255 4329 375 4396 dudum
402 4330 544 4396 debiturn
573 4337 668 4413 atque
697 4331 731 4396 in
752 4331 856 4396 animo
878 4351 950 4397 meo
969 4329 1127 4396 devotum.
1173 4325 1258 4409 quod
1277 4347 1354 4392 vero
1374 4345 1465 4410 argu-

255 4457 395 4517 mentum
413 4472 434 4517 a
455 4471 506 4516 me
529 4457 698 4517 tractatum
721 4452 762 4517 ab
785 4453 832 4517 eis
854 4452 887 4516 in
908 4451 1022 4533 quibus
1044 4456 1078 4514 tu
1097 4467 1212 4532 regnas
1235 4447 1347 4513 studiis
1366 4446 1468 4512 videri

255 4576 361 4658 potest
392 4571 635 4640 alienissimum:
663 4571 697 4638 id
726 4592 786 4639 vos
816 4571 969 4639 tresviri
1001 4570 1095 4638 saluti
1117 4569 1272 4636 bonarum
1291 4569 1467 4634 litterarum

762 5043 1031 5156 reales
