3666 5296
805 359 842 460 1.
862 405 886 460 1.
1396 402 1448 460 reu

239 569 350 636 drinae
375 572 489 638 aetatis
515 574 640 658 pictura
665 575 781 661 intulit,
809 577 867 644 sed
891 579 999 663 poesis
1018 579 1080 644 hae
1102 597 1228 662 quoque
1248 578 1281 644 in
1302 597 1337 644 re
1358 577 1448 643 Euri-

239 674 404 759 pidearum
426 676 660 762 tragoediarum
683 680 940 748 consuetudinem
964 687 1081 750 secuta
1090 681 1117 770 ¹)

326 813 486 898 Euripidis
516 809 591 898 quid
617 817 804 885 mnfinuerit
829 817 935 904 Auge,
968 841 1031 887 non
1055 819 1203 904 traditur,
1237 825 1271 884 at
1297 839 1337 886 ex
1362 818 1447 903 frag-

239 917 352 983 mentis
378 919 529 985 nonnulla
552 927 714 1007 secuntur,
739 923 804 988 iam
831 923 916 1010 apud
941 923 1149 990 Matthiaeum
1171 930 1256 992 recte
1280 923 1446 1008 explicata.

239 1021 351 1104 reliqui
369 1023 424 1105 qui
447 1029 501 1088 aut
520 1024 699 1108 fragmenta
719 1027 922 1112 conlegerunt
943 1035 999 1094 ant
1019 1028 1144 1095 fabulas
1159 1028 1325 1094 restituere
1344 1027 1448 1092 conati

239 1131 312 1191 sunt
342 1125 419 1191 nihil
453 1129 523 1194 sani
552 1131 776 1215 excogitarunt.
826 1139 859 1198 at
891 1133 1021 1217 egregio
1048 1139 1081 1200 et
1109 1132 1252 1198 acumine
1275 1137 1307 1198 et
1331 1131 1447 1197 iudicio

240 1227 276 1295 Ο.
300 1229 433 1298 Jahnius
460 1229 605 1319 (Teleph.
634 1255 664 1300 u.
693 1235 1034 1322 111112153111.)
1070 1243 1102 1303 et
1130 1235 1260 1322 negavit
1293 1235 1334 1301 de
1361 1235 1448 1301 exitu

238 1333 365 1401 fabulae
390 1335 563 1419 quidquam
588 1339 675 1424 sciri,
709 1345 741 1405 et
767 1338 932 1408 Strabonis
955 1341 1057 1408 locum
1083 1339 1183 1427 (XIII.
1212 1338 1289 1428 615)
1315 1337 1449 1424 Telephi

238 1439 371 1522 prologo
402 1440 582 1507 vindicavit.
635 1443 806 1512 tradidisse
832 1445 877 1510 ibi
901 1443 1001 1511 fertur
1026 1443 1195 1529 Euripides
1225 1443 1351 1527 Angam
1377 1463 1448 1508 cum

238 1542 334 1608 filiolo
364 1563 385 1608 a
405 1549 497 1628 patre
519 1565 614 1612 arcae
633 1547 787 1614 inclusam
813 1549 896 1614 etin
913 1569 1001 1614 mare
1020 1549 1193 1634 proiectam
1209 1545 1326 1634 csse.²)
1361 1545 1448 1630 atqui

238 1647 284 1711 ita
315 1667 378 1712 non
412 1648 556 1734 expletur
582 1650 750 1734 tragoedia
776 1672 797 1718 a
822 1652 992 1738 puerperio
1020 1651 1133 1736 Angue
1160 1669 1287 1718 exorsa:
1315 1649 1449 1734 Telephi

238 1769 351 1817 versus
379 1751 429 1818 his
453 1753 592 1839 contigui
618 1756 737 1821 servati
759 1753 953 1844 1111(697).
998 1761 1118 1823 remoto
1139 1755 1236 1840 igitur
1257 1753 1342 1838 quod
1361 1753 1448 1821 vide-

238 1854 332 1919 batur
358 1853 400 1922 de
427 1857 513 1923 exitu
541 1859 721 1926 testimonio
749 1860 873 1946 primae
894 1865 1016 1926 tantum
1038 1879 1174 1927 scaenae
1195 1858 1332 1942 quodam
1353 1857 1449 1924 modo

239 1965 333 2026 notae
352 1965 439 2046 sunt,
458 1961 552 2046 huga
573 1963 606 2028 in
620 1964 739 2049 templo
753 1964 947 2050 parturiens,
970 1963 1011 2030 de
1026 1963 1168 2049 Telepho
1185 1962 1333 2030 fidelibus
1350 1962 1448 2028 mani-

239 2062 298 2129 bus
324 2063 480 2131 tradendo
510 2086 580 2132 cum
608 2069 729 2134 nutrice
752 2067 931 2173 disputans,
964 2067 1084 2134 infante
1105 2087 1164 2152 per
1184 2066 1347 2134 Minervae
1367 2065 1448 2131 iram

240 2165 363 2234 detecto
384 2167 477 2236 deam
499 2170 669 2256 obiurgans
680 2171 707 2258 1)
722 2222 729 2238 .
747 2223 754 2237 .
771 2222 801 2238 ..
822 2172 884 2238 huc
900 2192 1001 2256 usque
1015 2169 1249 2256 progredimur;
1272 2176 1305 2236 at
1318 2176 1354 2235 ut
1366 2170 1450 2236 insta

239 2271 406 2356 tragoedia
424 2272 496 2358 fiat,
519 2281 551 2340 et
571 2275 648 2358 quid
661 2275 733 2342 Alei
762 2276 811 2342 ira
832 2275 874 2342 de
891 2275 958 2341 fiha
979 2282 1011 2342 et
1029 2281 1146 2359 nepote
1160 2274 1318 2358 statuerit,
1341 2279 1373 2340 et
1386 2293 1449 2356 quo

239 2374 333 2442 modo
354 2377 401 2443 illi
424 2397 496 2444 eam
518 2379 702 2464 effugerint,
731 2399 924 2464 cognoscere
945 2399 1025 2465 opus
1047 2385 1104 2446 est.
1149 2396 1366 2462 quaecumque
1387 2377 1451 2443 huc
1558 2457 1560 2460 ¹

239 2480 429 2564 pertinentia
458 2483 545 2568 apud
578 2490 703 2550 veteres
740 2485 910 2570 scriptores
946 2483 1147 2550 inveniuntur
1179 2481 1266 2568 apud
1298 2482 1449 2548 Jahninm

240 2592 424 2652 enumerata
456 2607 495 2653 ac
525 2586 651 2673 digesta
681 2589 790 2656 habes.
842 2595 876 2654 at
903 2588 1113 2656 certissimum
1134 2593 1182 2654 ert
1216 2585 1360 2654 omnibus
1386 2585 1450 2653 illis

326 2877 352 2945 1)
375 2875 410 2930 In
432 2876 499 2930 artis
520 2877 653 2946 figuratae
674 2879 855 2933 monumentis
876 2876 948 2931 haud
972 2892 1032 2932 rare
1054 2875 1184 2931 Hercules
1208 2873 1348 2930 exhibetur
1370 2875 1448 2944 inpu-

240 2961 300 3017 dica
317 2979 399 3018 manu
416 2962 523 3017 mulieri
539 2966 641 3018 vestem
659 2963 804 3034 abripiens.
838 2967 867 3018 at
885 2963 918 3018 de
933 2962 1012 3032 Arga
1028 2962 1148 3033 cogitare
1163 2964 1297 3028 vetamur,
1317 2959 1450 3031 siqnidem

240 3047 328 3104 thiaso
355 3048 484 3106 Bacchico
512 3049 690 3106 circumdatus
718 3053 767 3105 est.
807 3051 860 3105 hnc
883 3050 950 3105 lacit
971 3049 1078 3104 divinus
1095 3049 1143 3103 ille
1163 3048 1252 3118 parics
1269 3047 1450 3116 Pompeianus

241 3136 352 3207 (Helbig
367 3137 444 3192 1141.
476 3137 523 3206 qui
542 3137 629 3206 glorn.
647 3138 675 3192 ·d.
695 3137 812 3192 111111.
831 3153 852 3191 1.
871 3137 893 3190 Ι.
913 3137 1006 3192 Tav.3
1025 3151 1111 3206 aequa
1123 3134 1247 3190 barbarie
1260 3133 1451 3190 111111111111

240 3226 283 3278 111
301 3223 513 3292 etexplieatns).
551 3223 648 3279 similis
671 3240 767 3280 scaena
788 3225 817 3278 in
834 3223 999 3294 sarcophago
1018 3222 1140 3278 extitisse
1157 3221 1276 3286 ridetur,
1301 3222 1378 3276 cuins
1397 3238 1449 3290 ego

241 3327 323 3365 unum
341 3312 448 3365 tuntum
465 3309 522 3364 vidi
540 3311 703 3381 exemplum,
722 3311 879 3367 mutilatum
897 3309 966 3365 illud
986 3309 1107 3380 qnidam,
1126 3307 1155 3362 in
1171 3309 1268 3363 exedra
1279 3307 1451 3364 meridionali

240 3397 321 3452 uillae
332 3395 463 3451 Albaniae
474 3397 563 3468 Zoega
573 3397 646 3452 bass.
655 3397 691 3452 Il.
702 3398 761 3453 105.
786 3401 816 3452 at
827 3414 894 3451 1111.
907 3396 980 3452 XVI.
993 3395 1104 3451 celebris
1116 3396 1182 3449 haec
1193 3411 1291 3449 scaena
1304 3394 1367 3462 fuit,
1387 3411 1450 3449 nam

241 3486 382 3538 recurrunt
398 3483 553 3553 anaglypha
571 3483 599 3537 in
617 3483 798 3538 imitationem
816 3484 883 3538 artis
900 3484 1027 3552 antiquae
1045 3484 1123 3546 ficta,
1148 3496 1217 3550 qnae
1233 3481 1398 3551 aliquotiens
1415 3479 1450 3536 ad

241 3570 334 3640 Augae
352 3569 471 3624 fabulam
488 3571 577 3624 relata
594 3574 666 3625 sunt.
701 3571 757 3624 vidi
773 3570 838 3637 tria,
861 3570 1050 3638 pulcerrimum
1068 3584 1151 3621 unum
1169 3568 1349 3622 Venetianum
1364 3567 1451 3622 musei

243 3656 372 3712 Marciani
391 3657 455 3721 1893
474 3656 592 3726 capessit
607 3657 735 3711 Hercules
753 3656 892 3711 mulierem
910 3657 1034 3711 decenter
1051 3654 1190 3720 vestitam,
1209 3653 1332 3709 adiutore
1344 3655 1450 3721 Amore,

244 3759 322 3813 quem
347 3743 444 3798 artifex
472 3743 504 3798 de
532 3759 579 3796 suo
608 3741 724 3808 addidit,
751 3742 962 3798 bombardorum
984 3741 1091 3796 scholae
1114 3757 1143 3794 se
1166 3731 1303 3795 addictum
1324 3757 1383 3796 esse
1410 3741 1451 3796 ita

243 3829 462 3886 manifestissime
493 3827 617 3900 probans.
667 3830 782 3884 alterum
811 3829 840 3882 in
868 3827 1060 3884 Matthaeianis
1090 3825 1201 3882 aedibus
1230 3830 1315 3892 extat,
1352 3827 1452 3882 saeculi

242 3916 306 3978 XVI
328 3917 450 3972 exeuntis
475 3933 542 3987 epus
556 3916 593 3969 in
615 3915 794 3970 imitationem
812 3915 972 3986 sarcophagi
989 3931 1042 3969 non
1061 3913 1142 3968 nimis
1160 3914 1228 3968 scite
1245 3913 1394 3982 sculptum,
1418 3914 1451 3970 de

244 4021 296 4073 quo
319 4003 515 4059 dubitationem
537 4001 622 4057 morit
644 4001 675 4057 0.
696 4001 775 4057 Jahn.
794 4001 883 4070 (Arch.
899 4003 966 4056 Zeit.
984 4001 1062 4056 XVII
1079 4001 1125 4070 62)
1144 4016 1204 4054 eum
1222 4017 1274 4071 quo
1291 4000 1404 4056 tertium
1422 4001 1451 4056 in

243 4090 394 4161 praecipuis
412 4089 507 4160 figuris
526 4089 661 4144 censentit
678 4089 763 4142 multo
780 4089 861 4143 etiam
880 4087 1014 4144 recentius
1031 4088 1255 4158 Borghesianum.

330 4194 358 4264 2)
377 4193 509 4264 Congruit
523 4193 589 4248 haee
606 4193 725 4248 narratio
742 4208 802 4247 oum
820 4193 953 4247 Hecataeo
970 4191 1111 4246 345111.
1138 4189 1211 4260 quod
1227 4206 1291 4244 num
1308 4189 1451 4246 fortuitum

245 4281 282 4337 sit
297 4281 440 4338 nescimus.

332 4386 360 4455 3)
387 4384 449 4440 Non
472 4386 575 4438 certum
597 4383 648 4437 hoo
670 4382 743 4446 dico,
772 4385 801 4437 at
822 4381 999 4452 probabiliter
1023 4397 1054 4436 ex
1078 4381 1144 4451 fgm.
1161 4381 1212 4436 267
1238 4380 1309 4435 sumi
1327 4379 1452 4436 arbitror.

245 4473 381 4528 Minervae
402 4471 445 4526 ira
469 4469 572 4540 aliquid
595 4469 701 4524 efficere
724 4467 846 4525 debebat
881 4470 989 4540 poterat
1007 4467 1083 4524 alind
1101 4470 1149 4522 aut
1167 4468 1238 4522 certe
1256 4467 1348 4538 aptius
1371 4483 1452 4538 quam

247 4558 392 4614 sacerdotis
410 4557 512 4612 furtum
529 4553 699 4627 patefacere?
1513 4553 1516 4564 '
