3626 5288
380 412 432 472 164
950 409 986 470 Π.
1004 413 1031 471 3.

382 609 478 673 quam
500 595 640 654 terram
662 589 796 656 vocavit
841 609 945 672 neque
968 596 1074 654 tamen
1096 594 1235 655 mentem
1256 585 1470 672 Anaxagorae
1491 581 1597 672 negle-

379 694 435 760 xit.
476 715 551 758 nam
577 713 648 758 cum
674 693 745 777 illc,
774 713 888 778 parum
915 713 992 759 saue
1019 693 1171 778 sibiipsa
1198 701 1361 778 constans,
1389 693 1598 758 concessisset

379 793 412 862 ἐν
435 792 552 863 ἐνίοισι
577 793 615 862 oe
640 794 695 861 καὶ
717 793 790 874 νόος
810 793 949 878 ἔνεστιν,
981 797 1152 881 Euripides
1173 797 1320 882 alterurn,
1346 796 1431 880 quod
1453 797 1597 864 omnibus

380 901 475 967 rebus
505 900 681 966 admixtum
708 901 749 967 sit
771 901 975 985 elementum,
1009 897 1169 986 αἰθέρα
1190 901 1312 986 posuit,
1346 921 1441 983 quem
1463 900 1598 966 eundem

379 1024 450 1070 cum
472 1011 577 1070 mente
600 1003 721 1089 divina,
745 1023 816 1070 cum
838 1004 899 1070 deo
922 1024 1069 1089 supremo
1091 1005 1144 1071 vel
1165 1005 1273 1090 unico,
1298 1011 1476 1089 aeternum,
1497 1004 1598 1070 omnis

378 1109 464 1174 vitae
485 1109 611 1174 unicum
632 1108 752 1174 fontem
774 1107 919 1174 credidit.
965 1115 1014 1174 est
1033 1109 1145 1194 igitur,
1176 1109 1231 1174 uhi
1252 1129 1354 1193 prope
1376 1109 1460 1174 absit
1481 1129 1502 1173 a
1522 1107 1597 1180 dua

377 1212 487 1297 humo,
510 1213 637 1296 qualem
659 1233 699 1278 ex
720 1212 893 1280 Persarum
915 1213 1068 1295 religione
1089 1207 1228 1297 amplexi
1249 1219 1322 1278 sunt
1336 1211 1450 1278 Iudaei
1464 1218 1496 1277 et
1511 1211 1598 1277 Chri-

380 1315 483 1382 stiani.
529 1336 668 1398 namque
698 1316 806 1382 anima
827 1316 967 1382 humana
988 1316 1118 1400 spiritus
1139 1315 1224 1382 illius
1247 1315 1346 1382 divini
1366 1315 1524 1400 particula
1542 1320 1599 1399 est,

378 1419 509 1504 spiritus
537 1427 644 1486 autem
665 1420 737 1504 ipse
760 1421 819 1486 sub
841 1420 927 1486 Iovis
949 1420 1076 1486 nomine
1098 1440 1202 1504 paene
1226 1420 1403 1486 absolutam
1426 1425 1459 1485 ct
1480 1425 1598 1484 certam

377 1523 479 1589 induit
500 1544 679 1607 personam.
725 1523 804 1607 quid
826 1524 912 1606 quod
933 1531 1066 1590 catenus
1086 1523 1248 1608 procedit,
1271 1530 1306 1588 ut
1327 1523 1511 1608 pronuntiet
1531 1543 1597 1588 cor-

378 1647 456 1713 pus,
477 1634 586 1712 utpote
603 1649 644 1693 ex
665 1634 754 1694 terra
772 1634 898 1694 mortua
918 1633 1055 1712 cretum,
1079 1627 1243 1694 sordidum
1258 1634 1290 1694 et
1305 1627 1477 1712 abiectum,
1499 1627 1598 1692 vitam

377 1737 562 1797 terrestrem
590 1731 681 1796 nihih
702 1731 906 1817 pendendam
928 1751 1014 1816 esse,
1045 1732 1171 1798 animae
1190 1738 1312 1816 autem,
1343 1751 1408 1815 qua
1430 1731 1500 1797 sola
1521 1730 1598 1796 vivi·

377 1854 462 1919 mus,
485 1835 635 1920 patriam,
661 1835 712 1901 cui
734 1841 807 1920 post
828 1841 962 1902 mortem
985 1834 1154 1920 reddatur,
1175 1837 1299 1902 caelum
1322 1855 1402 1902 csse.
1415 1834 1442 1922 ⁴)
1488 1853 1596 1918 quam·

378 1956 474 2020 quam
499 1939 579 2004 talia
605 1940 721 2006 rectius
749 1960 820 2006 cum
850 1938 1043 2006 Parmenide
1072 1946 1105 2004 et
1133 1939 1266 2006 Platone
1291 1937 1505 2006 Parmeniden
1534 1958 1597 2002 am-

376 2041 472 2125 plexu
488 2043 703 2126 conponimus.
717 2042 754 2129 ὅ).
776 2049 883 2110 tamen
905 2063 980 2110 num
994 2043 1178 2108 Eleatarum
1194 2043 1355 2109 doctrinas
1369 2062 1506 2127 usquam
1523 2039 1599 2107 satis

354 2189 356 2196 ,
378 2150 489 2228 aperte
519 2145 745 2228 significaverit
774 2146 892 2213 dubito.
942 2153 976 2212 at
1000 2146 1081 2212 haec
1108 2147 1284 2230 longiorem
1304 2146 1469 2229 requirumt
1491 2144 1596 2229 dispu-

377 2247 542 2314 tationem:
576 2249 627 2314 hic
648 2249 684 2314 id
705 2255 828 2316 tantum
849 2249 1048 2334 probandum
1071 2256 1153 2334 erat,
1187 2249 1373 2334 Euripidem
1395 2249 1433 2314 in
1456 2267 1595 2314 cosmo-

377 2351 491 2434 gonia
523 2352 673 2418 minime
706 2361 874 2420 secutum
907 2374 993 2420 esse
1023 2355 1298 2438 Anaxagoram
1353 2352 1516 2419 conditore
1542 2356 1597 2416 aut

377 2461 463 2520 certe
485 2454 675 2540 dispositore
697 2457 808 2522 mundi
828 2457 1004 2542 intellectu,
1032 2459 1085 2524 vel
1112 2477 1237 2541 quoquo
1260 2457 1355 2523 modo
1378 2460 1451 2522 νοῦν
1472 2460 1596 2521 vertere

376 2557 440 2643 vis,
472 2559 520 2624 uti
544 2580 584 2626 nc
610 2567 736 2646 poterat
762 2561 891 2644 quidem
917 2560 1100 2646 Euripides,
1136 2561 1191 2644 qui
1221 2561 1304 2626 hunc
1331 2580 1425 2644 quem
1451 2558 1595 2624 videmus

377 2661 529 2728 mundum
553 2670 697 2730 exterra
717 2671 748 2732 ct
769 2665 898 2732 aethere
920 2663 1069 2750 (materia
1090 2672 1122 2731 et
1144 2665 1256 2750 spiritu
1279 2663 1401 2751 divino)
1424 2661 1595 2729 coniunctis

377 2767 465 2852 olim,
492 2787 575 2834 nunc
601 2767 747 2836 discretis
772 2767 831 2856 (ita
858 2777 893 2834 ut
915 2769 1027 2836 aether
1047 2769 1170 2835 caelum
1192 2767 1336 2855 occupet)
1346 2768 1372 2854 6)
1399 2766 1595 2854 conpositum

464 2986 493 3055 4)
510 2985 631 3056 Insignis
646 2987 722 3041 locus
740 2989 769 3042 at
786 2986 859 3042 idem
877 2987 1096 3056 corruptissimus
1115 2987 1212 3040 Helen.
1231 2988 1312 3053 1013,
1337 2986 1384 3055 qui
1396 2985 1517 3039 Nauckio
1532 3000 1594 3038 sua-

378 3068 460 3126 dente
487 3087 559 3126 nunc
581 3073 666 3126 deleri
684 3073 767 3138 solet,
794 3073 842 3126 sed
863 3089 969 3128 summa
983 3073 1092 3151 ¹iniuria.
1128 3073 1189 3143 quis
1208 3073 1334 3139 tandem,
1358 3071 1462 3126 utalia
1478 3071 1595 3134 mittam,

378 3155 447 3211 talia
465 3157 689 3226 interpolaverit?
726 3158 876 3214 adscribam
895 3175 967 3222 euru,
993 3159 1101 3228 qualem
1121 3159 1154 3214 ab
1175 3158 1304 3226 Euripide
1323 3158 1416 3212 datum
1436 3156 1594 3210 existimem.

377 3242 443 3297 dicit
461 3243 598 3304 Theonoe,
617 3243 757 3308 Proteum,
776 3247 799 3299 si
818 3245 936 3308 hiveret,
954 3245 1086 3299 Helenam
1105 3245 1228 3299 Menelao
1247 3243 1414 3298 redditurum
1434 3260 1501 3298 esse.

482 3334 530 3382 καὶ
548 3329 601 3402 γὰρ
619 3337 691 3389 τίσις
706 3334 789 3387 τῶνδ’
808 3333 867 3384 ἐστὶ
887 3338 945 3391 τοῖς
964 3349 994 3385 τε
1013 3337 1152 3402 νερτέροις

480 3419 604 3473 καὶτοῖς
623 3414 734 3469 ἄνωθεν
752 3421 840 3470 πᾶσιν
858 3415 1019 3489 ἀνθρώποις
1036 3418 1118 3487 ὁμῶς.
1144 3416 1170 3487 (ὁ
1190 3423 1255 3476 νοῦς
1272 3416 1305 3485 0)

480 3500 496 3553 ὀ
515 3493 663 3555 κατθανών
681 3501 736 3574 γὰρ
756 3504 784 3576 ζῇ
802 3504 857 3573 μὲν
876 3501 926 3568 οὔ,
946 3503 1066 3574 γνώμην
1084 3504 1110 3556 δ’
1129 3504 1186 3572 ἔχει
1205 3503 1273 3572 (τῶν
1291 3501 1490 3558 κατθανόντων
1505 3500 1538 3570 C)

481 3583 624 3640 ἀθάνατον
641 3592 679 3646 εἰς
698 3588 844 3644 ἀθάνατον
864 3589 954 3662 αἰθέρ’
973 3586 1116 3661 ἐμπεσών.

481 3672 517 3730 ὥς
533 3670 584 3725 οὖν
602 3679 732 3748 παραινῶ
749 3674 788 3747 μὴ
806 3673 918 3749 μακρὰν
935 3695 973 3728 at.
992 3675 1012 3733 ἑ.
1048 3675 1066 3729 i.
1088 3693 1110 3729 e.
1129 3678 1272 3731 notamen
1290 3674 1372 3743 longa
1391 3675 1443 3728 sim
1459 3673 1488 3728 in
1505 3673 1594 3742 philo·

376 3756 472 3827 sophia
491 3758 654 3828 exponenda.

463 3843 491 3913 5)
509 3843 552 3899 Ad
568 3844 608 3916 μὴ
629 3845 696 3898 ὄντα
714 3863 782 3916 quae
799 3845 922 3902 videmus
941 3851 969 3902 et
988 3863 1047 3902 esse
1067 3849 1208 3917 opinamur
1226 3864 1254 3901 re
1272 3863 1336 3900 vera
1355 3846 1406 3899 οὐκ
1423 3845 1493 3899 ὄντα
1511 3861 1594 3914 prope
1676 3857 1678 3860 ·

375 3929 480 3984 accedit
496 3929 628 3998 Meleagri
657 3929 727 3988 illud
753 3933 904 3986 κατθανὼν
929 3935 960 3987 δὲ
985 3939 1040 3996 πᾶς
1058 3933 1126 4008 ἀνὴρ
1142 3935 1146 4003 l
1162 3939 1198 4003 γῆ
1215 3937 1262 3986 καὶ
1281 3931 1360 3986 σκιά·
1385 3931 1416 3984 τὸ
1440 3933 1529 4001 μηδὲν
1555 3935 1594 3988 εἰς

375 4017 459 4070 οὐδὲν
475 4019 561 4091 ῥέπει.

462 4103 489 4172 6)
510 4100 567 4167 Quo
595 4103 674 4158 modo
700 4119 731 4158 ex
760 4105 900 4160 coniuncto
918 4109 946 4160 ct
962 4105 1103 4161 indefinito
1127 4109 1201 4161 statu
1221 4107 1354 4161 clementa
1372 4104 1401 4158 in
1416 4102 1467 4158 has
1485 4103 1593 4166 formas,

373 4204 441 4260 quas
459 4203 531 4242 nnnc
549 4187 685 4254 ridemus,
705 4194 809 4245 secreta
827 4193 856 4245 et
872 4196 996 4247 concreta
1014 4193 1084 4259 sint,
1103 4192 1247 4262 Euripides
1266 4191 1389 4246 docuisse
1407 4206 1462 4244 non
1479 4189 1593 4243 videtur.

373 4276 437 4330 novi
454 4275 536 4339 locos,
557 4275 604 4343 qui
622 4275 701 4329 deum
720 4277 794 4332 vitae
813 4278 946 4332 humanae
964 4279 1153 4348 dispositorem
1165 4279 1290 4342 laudent,
1309 4280 1339 4330 at
1351 4277 1404 4330 huc
1416 4292 1470 4330 nou
1482 4275 1594 4330 iaciunt
1615 4284 1618 4290 '

374 4377 422 4415 neo
442 4359 557 4415 credidit
574 4360 669 4416 deum
688 4365 908 4431 personalem.
944 4365 998 4418 imo
1017 4381 1065 4434 per
1082 4365 1210 4434 ponderis
1228 4365 1319 4432 legem
1337 4363 1439 4416 facturn
1456 4361 1485 4415 id
1502 4361 1594 4415 uolue-

377 4447 427 4513 rit,
456 4446 584 4515 quoniam
610 4449 704 4504 aether
723 4451 860 4505 levissima
877 4454 951 4505 terra
969 4452 1130 4520 gravissima
1149 4451 1264 4506 materia
1283 4452 1338 4515 est,
1358 4447 1383 4502 si
1401 4449 1508 4502 omnino
1526 4447 1595 4500 hanc

377 4533 406 4592 in
424 4549 480 4588 rem
499 4532 652 4601 inquisivit.
688 4537 872 4593 Democritum
890 4553 944 4592 non
962 4537 1046 4592 norit.
