3594 5292
373 409 408 468 50

371 587 475 644 vs.635
511 592 641 661 nopsiaco
659 603 710 643 orn.
731 586 760 642 C.

425 675 475 730 641
513 672 611 728 ἀσκεῖν
629 673 658 730 C.
696 675 776 749 ἀρκεῖ
791 676 821 729 Ρ.

511 761 678 836 εὐοργησίαν
695 763 725 815 Ρ.
762 759 912 834 εὐοργησία
931 761 961 816 C.
998 779 1160 832 quamquam
1180 767 1212 818 ut
1226 763 1276 818 hoc
1296 765 1367 818 extet
1385 781 1489 834 vereor,
1515 763 1585 820 nihil

511 847 583 902 enim
603 864 652 918 ego
672 849 788 903 enotavi.

424 933 475 988 649
510 933 597 1000 riom
615 935 646 990 Ρ.

424 1019 555 1076 653-57
575 1039 751 1090 personarum
771 1021 851 1092 signa
870 1021 981 1077 confusa
995 1023 1027 1078 P.
1101 1029 1105 1037 '

422 1108 474 1162 659
511 1107 693 1181 φευξούμεθα
711 1110 757 1164 Ρο.
794 1109 956 1182 φευξόμεθα
975 1109 1005 1163 0.

423 1193 475 1248 675
509 1183 558 1254 νὰς
574 1211 625 1251 om.
644 1195 675 1250 P.
826 1241 840 1269 ρ
1148 1229 1150 1234 ’

423 1281 474 1336 688
509 1281 691 1356 ἠρημωμένας
707 1281 737 1337 C.
772 1281 950 1357 ἠρεμωμένας
963 1284 994 1338 Ρ.
1032 1283 1143 1340 aaPa

422 1367 473 1422 696
510 1367 646 1439 ἁμμάτων
666 1368 695 1422 G.
731 1367 868 1439 ὀμμάτων
885 1370 916 1424 Ρ.

422 1453 474 1508 698
510 1455 594 1525 γένυν
613 1453 642 1508 C.
677 1459 762 1525 μένον
778 1457 810 1510 P.

422 1540 474 1595 708
498 1533 648 1613 ’πώματος
665 1541 695 1596 Ο.
730 1539 859 1612 πόματος
876 1543 908 1596 P.

422 1627 474 1682 722
510 1628 686 1701 ἐλλοχίζομεν
703 1628 734 1684 Ο.
769 1631 929 1700 ἐλοχίζομεν
945 1629 976 1683 P.

422 1713 474 1768 735
511 1713 685 1787 σπαραγμόν
703 1715 734 1768 P.
771 1719 947 1790 σπαραγμῶν
966 1713 996 1771 C.

511 1806 682 1872 νεμομέναις
700 1799 729 1855 C.
766 1799 919 1874 νεμόμεναι
937 1801 968 1856 Ρ.

421 1886 472 1941 747
510 1901 541 1939 σε
559 1887 679 1956 ξυνάψαι
698 1887 728 1940 0.
765 1886 798 1941 σὺ
816 1885 938 1956 ξυνάψαι
956 1887 987 1940 P.
1024 1885 1058 1940 σὺ
1079 1887 1220 1957 ξονάψαος
1236 1887 1280 1941 Pss.

422 1973 473 2028 749
508 1970 638 2026 Ἀσωποῦ
658 1972 688 2028 C.
724 1975 928 2028 ΑἰσωποῦΡ.’

424 2059 476 2114 750
511 2065 639 2127 θηβαίων
657 2060 686 2114 C.
723 2067 844 2130 θηβαῖον
862 2061 893 2114 Ρ.
926 2118 927 2121 ,

424 2146 476 2200 751
511 2147 549 2198 θ’.
567 2161 619 2200 om.
637 2146 668 2200 P.

459 2267 617 2350 Pleraque
645 2287 722 2334 sane
751 2268 927 2333 leviuscula
952 2273 1025 2333 suut
1054 2287 1157 2350 neque
1180 2287 1239 2352 per
1269 2287 1304 2333 se
1334 2275 1479 2352 spectata
1505 2268 1588 2334 alius

373 2370 474 2438 videri
505 2377 639 2456 possunt
667 2372 793 2455 generis
828 2377 923 2453 atque
955 2390 1036 2454 quae
1066 2391 1164 2458 supra
1190 2371 1414 2456 excerpsimus.
1474 2379 1508 2437 at
1533 2372 1588 2438 vel

371 2475 571 2540 librariorum
600 2475 822 2559 neglegentiae
852 2475 930 2540 certi
964 2474 1100 2558 denique
1135 2475 1215 2540 fines
1242 2482 1330 2560 sunt,
1363 2482 1395 2542 et
1423 2476 1589 2542 levissima

372 2599 504 2646 numero
533 2580 645 2663 gravia
676 2579 763 2644 fiunt.
813 2579 884 2662 quis
918 2599 1106 2645 consensum
1138 2578 1339 2644 librariorum
1375 2579 1492 2645 viderit
1532 2578 1589 2644 ubi

371 2684 404 2748 in
434 2690 545 2750 octavo
576 2703 700 2767 quoque
730 2703 825 2749 versu
853 2682 1055 2766 discrepant?
1098 2702 1298 2764 requerere
1321 2683 1433 2765 gravia
1455 2682 1586 2766 desunt,

373 2787 496 2873 confer,
529 2793 565 2852 ut
596 2787 637 2853 de
666 2787 756 2853 titulo
791 2793 823 2852 et
856 2786 1051 2868 argumentis
1080 2787 1193 2851 sileam
1221 2786 1295 2871 (etsi
1324 2785 1349 2851 O
1378 2805 1588 2871 personarum

371 2892 509 2956 indicem
525 2890 722 2976 adscripsit),
746 2890 891 2973 quotiens
908 2890 989 2954 alter
1005 2889 1105 2954 verba
1119 2889 1160 2953 ab
1175 2889 1275 2953 altero
1291 2890 1409 2956 omissa
1422 2891 1587 2975 praebeat,

372 2996 448 3078 quin
482 2996 638 3079 genuinus
663 3013 775 3059 versus
807 2999 847 3056 14
874 2993 908 3056 in
930 2992 956 3055 P
980 2991 1085 3076 deest,
1120 2990 1206 3074 quod
1225 3011 1285 3076 per
1302 2993 1440 3076 quinque
1459 2993 1587 3059 fabulas

371 3118 528 3180 nusquam
549 3098 640 3163 nobis
663 3097 806 3162 occurrit.
852 3095 911 3160 sed
932 3095 1054 3178 verbis,
1078 3095 1201 3179 opinor,
1225 3115 1305 3178 opus
1326 3117 1389 3160 non
1412 3103 1469 3162 est.
1511 3117 1586 3161 nam

371 3209 406 3266 ut
438 3202 589 3266 lectiones
615 3220 679 3264 non
707 3199 842 3284 probent
869 3197 1031 3282 (evincunt
1059 3195 1197 3283 tamen),
1226 3189 1362 3265 vidimus
1389 3200 1422 3264 in
1450 3199 1475 3265 O
1509 3201 1585 3266 scri-

371 3312 459 3388 ptam
481 3324 554 3369 esse
575 3302 774 3386 tragoediam
796 3303 829 3366 in
852 3301 1057 3384 quaternione
1082 3302 1184 3366 soluto
1203 3321 1261 3385 per
1280 3323 1407 3368 manum
1426 3323 1584 3385 nusquam

371 3414 539 3492 praeterea
566 3413 798 3490 occurrentem,
825 3405 969 3469 mutilam
997 3424 1059 3470 non
1088 3405 1177 3478 laeso
1208 3405 1233 3469 (i
1261 3406 1320 3471 sed
1347 3407 1411 3470 iam
1440 3406 1587 3472 ascriba

372 3516 560 3594 suppetente
576 3511 687 3574 charta
705 3529 768 3575 non
782 3507 965 3592 perfectam.
1003 3527 1098 3591 aegre
1113 3508 1251 3592 perspici
1265 3515 1389 3594 posset,
1413 3529 1474 3592 quo
1489 3508 1586 3574 modo

371 3615 444 3699 plus
474 3633 568 3696 quam
598 3612 728 3677 dimidio
758 3611 885 3678 saeculo
912 3617 985 3695 post
1009 3611 1043 3674 in
1076 3613 1106 3672 (1)
1133 3612 1259 3694 integra
1281 3611 1444 3678 extitisset.
1489 3633 1585 3697 porro

370 3719 404 3782 in
426 3718 452 3782 P
475 3737 599 3800 quoque
621 3736 680 3801 per
701 3717 820 3799 locum,
841 3735 935 3797 quem
956 3714 1252 3780 inter'Alcestidem
1274 3722 1306 3780 et
1328 3716 1472 3782 Troadas
1494 3737 1586 3781 occu-

370 3827 443 3906 pat,
466 3842 487 3885 a
506 3820 622 3886 fabulis
645 3841 684 3885 ex
707 3822 737 3880 Φ
755 3819 896 3884 oriundis
919 3825 1114 3902 segregatur.
1159 3820 1254 3900 atque
1277 3839 1347 3883 curn
1361 3820 1498 3886 Alcestis
1521 3839 1586 3884 non

372 3925 500 4008 quidem
523 3945 563 3990 ex
588 3929 633 4002 d),
665 3929 698 3988 at
728 3943 768 3987 ex
791 3921 899 3987 codice
922 3921 1064 3987 eiusdem
1085 3921 1224 3986 familiae
1246 3921 1381 3988 fortasse
1399 3923 1586 4008 apographo

372 4028 489 4094 codicis
516 4033 547 4090 (ὓ
569 4033 695 4112 sumpta
717 4027 775 4110 sit,
806 4046 844 4091 eo
867 4025 1052 4090 deducimur
1070 4029 1105 4089 ut
1133 4023 1269 4090 Bacchis
1292 4025 1426 4112 eandem
1446 4025 1586 4092 vindice-

372 4152 442 4198 mus
473 4125 630 4214 originem
657 4137 752 4212 atque
783 4128 976 4213 Troadibus,
1008 4149 1071 4210 qua
1099 4128 1329 4196 Laurentianus
1359 4136 1454 4195 caret.
1498 4129 1587 4196 idem

372 4237 437 4300 alia
455 4255 580 4318 quoque
601 4234 655 4300 via
677 4233 840 4318 reperitur.
878 4233 1012 4317 scriptor
1032 4232 1115 4297 enim
1130 4230 1248 4296 Christi
1269 4234 1418 4316 patientis
1438 4254 1479 4299 ex
1493 4234 1586 4298 Euri-

372 4338 459 4422 pidis
482 4336 657 4420 tragoediis
680 4357 756 4402 usus
779 4343 828 4402 est
850 4337 982 4402 Hecuba
1005 4334 1120 4400 Oresta
1141 4334 1314 4420 Hippolyto
1339 4335 1455 4402 Medea
1476 4337 1586 4403 Rheso

372 4442 550 4507 Troadibus
580 4440 731 4524 Bacchis,
765 4442 852 4506 nulla
888 4441 986 4523 igitur
1023 4457 1118 4520 quam
1146 4439 1180 4501 in
1213 4442 1244 4499 to
1280 4441 1422 4506 extitisse
1453 4447 1587 4506 constet.

372 4546 461 4630 atqui
488 4564 550 4628 quo
577 4563 656 4612 usus
685 4550 734 4610 est
767 4544 866 4611 codex
902 4543 1045 4608 eiusdem
1074 4540 1214 4606 familiae
1243 4541 1302 4607 fuit
1324 4543 1412 4609 cuius
1437 4541 1587 4611 Troadas
