3594 5292
186 638 299 698 vedace
334 636 435 708 ψόφον
452 633 483 690 C.
520 631 610 706 φόβον
627 634 659 690 P.

227 725 296 778 1319
332 721 381 778 τὸν
402 719 432 776 C.
468 721 499 775 τό
517 721 549 774 P.

226 811 296 867 1334
328 815 414 880 χερσί
431 807 452 862 C
470 808 541 878 quod
559 825 576 876 p
595 807 740 862 divinando
759 807 871 862 inuenit.
904 813 1003 878 χεροῖν
1018 807 1049 862 Ρ.
1085 825 1139 862 non
1152 811 1258 862 tentum
1271 808 1299 864 in
1312 811 1403 865 uncie.-

331 894 405 950 libus
423 894 524 950 litteris
544 893 686 949 discrimen
707 894 779 948 inter
792 900 892 966 χερσίν
909 896 937 947 et
951 901 1047 966 χεροῖν
1064 895 1213 949 minimum.

226 983 296 1038 1350
332 982 448 1057 πριύραν
468 979 497 1036 C.
534 981 658 1055 προάροις
677 982 708 1034 P.
744 979 778 1036 cf.
796 981 856 1035 281.

227 1069 295 1123 1421
332 1069 421 1123 πάλιν
439 1066 469 1123 C.
505 1069 591 1124 πόλιν
608 1068 640 1122 Ρ.

228 1155 297 1210 1439
332 1153 431 1210 τὸνῦ.
466 1161 522 1210 τῶν
540 1155 571 1209 Ρ.
706 1207 708 1210 .

228 1243 297 1298 1465
332 1241 474 1310 θήσουσιν
492 1240 522 1296 C.
558 1241 679 1308 θήσοοό
696 1241 730 1295 P.
829 1277 832 1282 -

228 1331 297 1386 1497
332 1333 394 1396 νίκη
414 1327 444 1384 C.
485 1335 548 1384 νίκα
565 1327 597 1382 Ρ.
867 1335 872 1343 “

332 1416 411 1471 viden
428 1433 509 1486 quem
528 1415 599 1470 bella
616 1431 659 1468 res
676 1415 713 1468 sit
730 1413 860 1480 codicem,
880 1413 926 1483 qui
944 1429 1009 1483 prae
1028 1415 1114 1470 altero
1131 1415 1161 1470 in
1178 1417 1303 1472 vicesimo
1322 1419 1404 1474 tertio

334 1519 439 1573 quoque
457 1519 536 1556 versu
553 1501 719 1578 peccaverit,
737 1501 901 1554 recensionis
919 1500 1125 1560 tundamentum
1136 1519 1238 1558 vocare.
1274 1507 1304 1560 at
1322 1505 1406 1564 etiam

333 1590 354 1646 C
376 1592 476 1644 errat.
496 1592 523 1644 et
540 1589 632 1657 paullo
651 1588 882 1658 neglegentiorem
900 1589 980 1644 solito
998 1605 1027 1644 se
1044 1590 1190 1661 praestitit.
1386 1573 1388 1578 ¹

263 1677 300 1733 44
333 1673 500 1738 ἔδοξ’ἒνΟ.
538 1671 680 1736 ἔύοξενΟ.
1078 1660 1082 1668 ’
1183 1659 1186 1666 ¹

263 1765 297 1820 51
334 1761 431 1835 ύόμων
448 1763 494 1818 Ρ.’
517 1762 620 1834 τλάμων
637 1762 668 1816 O.

244 1851 298 1906 209
333 1850 421 1910 θάλος
438 1849 470 1904 Ρ.
506 1849 610 1908 θάλλος
627 1847 658 1904 C.

245 1937 297 1994 399
334 1935 388 2012 άρα
405 1936 428 1991 Ρ
446 1935 558 1990 Seidler.
594 1934 650 2008 ἆρα
669 1934 699 1990 C.

246 2025 298 2081 966
335 2025 495 2094 ιλιηρίσμιζε
513 2023 545 2078 P.
581 2022 750 2096 διηρίθμησε
773 2021 802 2076 (λ
839 2016 1018 2096 ύιερρύύμιζε
1040 2023 1153 2078 Seidler.
1192 2026 1283 2096 paullo
1305 2025 1408 2082 doctior

339 2112 398 2165 erat
415 2108 543 2164 librarius
562 2107 596 2176 0,
615 2125 694 2178 quam
714 2109 760 2179 qui
776 2125 857 2163 sensu
873 2125 949 2166 cassa
968 2127 1074 2180 semper
1092 2111 1208 2168 fideliter
1225 2115 1368 2184 repeteret.

232 2200 301 2254 1006
336 2197 468 2268 γυναικός
486 2197 517 2251 Ρ.
548 2201 690 2265 γυναικῶν
709 2194 738 2250 C.
774 2212 845 2250 unus
867 2211 898 2250 ex
915 2198 1083 2266 gravissimis
1107 2198 1240 2254 erroribus
1256 2199 1361 2254 librarii
1378 2199 1408 2256 C.

231 2286 300 2342 1358
336 2283 515 2358 πορθμεύετε
533 2283 578 2337 Ρο.
615 2282 771 2355 πορθεύετε
787 2281 817 2337 C.

631 2418 730 2473 dubie
753 2421 789 2473 et*
811 2419 972 2488 graviore.

196 2539 303 2596 argum.
340 2524 567 2598 παραγινόμενος
584 2522 614 2578 O.
657 2528 859 2597 rccpaxcvrpitsle
880 2523 911 2578 Ρ.
952 2521 1111 2580 vocabulum
1139 2529 1292 2596 corruptum
1322 2530 1353 2582 ut
1378 2528 1408 2582 in

334 2614 493 2682 argumento
512 2610 547 2665 ad
563 2609 705 2664 arbitrium
720 2611 834 2679 uterque
853 2610 976 2679 scripsit,
995 2611 1107 2666 necdum
1126 2616 1250 2667 sanatum
1271 2617 1321 2670 est.
1372 2671 1376 2680 ,

194 2718 236 2755 vs.
249 2702 302 2756 412
336 2698 526 2773 μελάθροισιν
542 2695 572 2751 0.
597 2697 651 2752 414
665 2697 794 2768 πήμασιν
805 2694 835 2750 C.
865 2697 1008 2767 utrobique
1020 2717 1036 2751 ν
1048 2697 1246 2770 epheloysticon
1261 2701 1364 2756 omittit
1374 2703 1406 2758 P.

337 2785 408 2840 nulli
425 2785 536 2840 librario
554 2783 605 2837 beo
622 2784 652 2836 in
668 2800 697 2837 re
715 2783 783 2837 fides
801 2783 931 2838 habende.

251 2874 304 2929 430
338 2876 385 2926 καὶ
404 2875 595 2939 πλησιστίοισι
614 2869 645 2923 Ο.
673 2873 867 2937 πλησιστίοισι
885 2869 915 2924 Ρ.
942 2870 970 2923 in
989 2870 1047 2926 1οοο
1067 2867 1147 2925 dnbio
1166 2875 1267 2928 certum
1279 2871 1408 2929 iudicium

340 2975 391 3029 ego
408 2961 479 3012 certe
495 2974 549 3013 non
567 2956 661 3011 babeo.
1063 2973 1066 2980 ·

252 3049 304 3104 570
337 3047 438 3101 lineola
455 3061 596 3114 personam
612 3043 734 3097 indicans
754 3041 889 3096 omittitur
910 3043 963 3097 Po.
1000 3043 1021 3098 0
1040 3061 1098 3098 eam
1116 3045 1168 3100 572
1185 3045 1268 3100 habet
1286 3047 1308 3100 P
1328 3047 1407 3102 cmit-

338 3133 382 3188 tit.
419 3133 543 3187 convenit
559 3131 636 3184 unice
652 3130 712 3184 570.
748 3129 830 3183 dubie
848 3129 933 3198 igitur
951 3129 1065 3186 fortusse
1084 3132 1145 3186 eliis
1164 3149 1207 3187 res
1226 3133 1291 3195 erit,
1317 3151 1366 3204 ego
1385 3136 1407 3188 P

340 3235 443 3274 errasse
460 3217 694 3288 persuasissimum
711 3215 805 3270 habeo.

253 3309 305 3364 692
340 3307 434 3374 λήσειν
453 3304 481 3359 C.
517 3305 612 3374 λήγειν
630 3301 673 3356 09.
709 3300 806 3356 λύσειν
825 3301 857 3356 P.
892 3318 984 3356 verum
1002 3305 1094 3357 λιπεῖν
1109 3305 1228 3372 repperit
1240 3303 1406 3373 Bedhemus;

340 3393 404 3463 quid
425 3397 452 3444 Φ
469 3389 593 3444 hebuerit
610 3395 720 3444 eatenus
738 3389 807 3443 latet
825 3391 855 3442 ut
867 3389 910 3442 vel
922 3389 990 3444 dues
1003 3390 1028 3443 ei
1041 3389 1159 3444 tribucre
1171 3393 1258 3458 possis
1271 3391 1408 3448 lectiones.

253 3481 305 3535 859
340 3483 459 3550 λέκτρων
477 3475 506 3530 C.
541 3479 630 3528 λίνων
649 3476 680 3529 Ρ.
716 3475 808 3528 λύκων
828 3475 872 3528 Pe.
908 3475 970 3529 hinc
993 3475 1236 3530 luculentissimum
1259 3477 1314 3546 est,
1344 3482 1409 3549 post

340 3563 505 3632 descriptum
530 3559 551 3615 0
573 3562 643 3616 mele
662 3559 784 3615 habitum
808 3576 867 3615 esse
888 3567 927 3632 ff,
952 3564 984 3615 nt
1007 3562 1064 3617 sine
1082 3563 1162 3632 culpa
1179 3563 1368 3634 neglegentiae
1386 3567 1408 3620 P

339 3653 469 3720 peccaret.
505 3649 576 3702 idem
591 3648 689 3702 accidit
1255 3651 1259 3658 '

253 3740 305 3796 899
340 3738 386 3792 ubi
415 3742 503 3808 φανεῖ
529 3733 638 3804 quodi}
660 3733 771 3803 praebet
794 3733 821 3786 in
845 3732 868 3787 P
891 3733 998 3787 omnino
1021 3731 1105 3792 deest.
1151 3737 1180 3790 at
1203 3752 1280 3804 spero
1308 3737 1409 3807 optimo

340 3822 482 3886 vocabulo,
511 3821 581 3891 qnod
598 3835 670 3874 nuno
687 3822 816 3889 tanquam
834 3819 1026 3888 interpolatum
1045 3821 1148 3884 exulat,
1174 3838 1251 3878 suum
1269 3823 1358 3878 loeum
1375 3823 1409 3878 ab

341 3908 489 3964 editoribus
516 3909 673 3961 restitutum
696 3905 738 3959 iri.
774 3921 837 3959 uem
862 3905 1030 3961 intercidisse
1057 3907 1086 3961 in
1109 3907 1219 3978 Pquae
1236 3907 1256 3962 C
1275 3913 1411 3965 servasset

341 4011 433 4051 omnes
452 3994 640 4049 concesserunt
1184 3989 1187 3996 ’

236 4085 305 4140 1262
340 4083 387 4136 ubi
405 4081 531 4154 φάσματ’
550 4080 664 4153 ὀνείρων
681 4079 711 4134 0.
747 4076 874 4150 φάσματ’
892 4075 909 4131 ά
927 4077 958 4132 Ρ.

341 4167 533 4224 difficillimum
549 4166 638 4220 autem
657 4166 701 4220 est
717 4164 746 4218 in
764 4167 824 4218 tota
835 4162 988 4218 fabularum
1001 4164 1069 4219 serie
1083 4163 1152 4236 qnod
1164 4168 1226 4235 post
1238 4159 1305 4222 1441
1319 4169 1410 4240 aperte

342 4255 463 4325 spurium
480 4257 511 4308 et
527 4253 617 4322 inepte
636 4268 667 4306 ex
684 4251 766 4320 Hipp.
785 4251 836 4308 600
853 4251 995 4304 confictum
1013 4267 1120 4306 versum
1385 4243 1388 4250 '

574 4345 628 4392 τῶν
646 4343 697 4392 νῦν
714 4335 861 4410 παρόντων
878 4335 1014 4406 πημάτων
1032 4337 1178 4407 ἀναψυχάς

341 4421 364 4482 0
388 4423 517 4496 praebet,
540 4424 562 4478 P
585 4423 701 4494 ignorat.
737 4417 863 4493 quoniam
886 4437 949 4476 vero
974 4439 1018 4487 ee,
1046 4439 1113 4492 quae
1131 4423 1217 4478 omnis
1234 4415 1300 4480 heco
1318 4425 1410 4494 dispu-

340 4512 409 4567 tatio
432 4511 578 4566 manifesto
605 4509 699 4579 opinor
724 4508 815 4576 docet,
846 4509 880 4564 ab
904 4508 1122 4577 interpolationis
1144 4511 1260 4567 crimine*
1272 4511 1412 4567 librarium

342 4598 364 4656 0
382 4597 543 4666 detendunt,
566 4596 644 4652 modo
662 4612 696 4651 ue
714 4596 879 4666 singularem
896 4593 1020 4650 fortunae
1038 4597 1129 4652 lusum
1146 4597 1269 4654 incusare
1287 4600 1411 4668 velimus,

1146 4685 1195 4758 3}
