3594 5292
777 431 798 484 r.
817 432 841 486 ε.
1327 503 1332 514 .
1388 436 1424 491 er

209 618 315 673 11772
352 619 451 673 lineola
476 619 593 688 praefixe
610 620 640 674 O.
678 637 731 689 quo
756 621 890 675 Electram
916 621 1064 692 significari
1082 639 1113 676 ex
1131 624 1192 692 lege
1212 641 1291 693 quarn
1311 623 1346 678 od
1363 625 1421 694 Iph.

353 707 414 760 Aul.
433 708 485 761 863
511 707 540 758 in
563 707 643 761 classi
662 707 685 760 A
704 709 812 776 exposui
831 709 961 777 sequitur.
1004 709 1128 778 pernovit
1146 727 1219 771 eom,
1245 712 1287 764 uti
1306 727 1354 780 per
1372 715 1422 777 est,

349 792 494 847 Victorius.
532 795 656 847 errarunt
674 793 831 863 apographa
848 799 955 863 praetor
976 801 1002 848 Γ.
1039 797 1190 851 conlatores
1209 797 1398 852 dormiterunt.

263 878 314 931 773
351 877 539 952 11111131.Ι
561 881 650 934 FLW.

349 973 403 1018 τίνι.
422 965 452 1018 C'
468 966 538 1020 vict:
575 952 650 1026 τίνος
668 985 689 1022 o.
721 969 766 1024 W.

425 1065 435 1091 ξ

251 1105 313 1172 (781
342 1105 471 1178 Ἀλφειὸν
489 1107 531 1173 (3.)

264 1193 314 1247 783
349 1195 430 1246 ταῦθ’
448 1198 595 1262 Αἴγισθος.
632 1195 672 1250 W.

264 1278 315 1332 792
351 1282 437 1340 πέλας
453 1279 497 1334 (31.
534 1278 622 1332 πάλαι
644 1283 675 1334 ut
692 1280 799 1334 videtur
816 1282 846 1336 (3.

264 1365 315 1420 796
351 1364 546 1438 ἀπαρνούμεδ’
566 1366 595 1420 C.
632 1364 887 1439 ἀπαρνούμεσθ’σ.
924 1369 965 1422 W.

263 1451 316 1506 804
350 1452 507 1506 oroneo.
544 1455 665 1507 ἐννέπων
682 1452 725 1508 (31.

263 1539 315 1594 805
351 1542 442 1592 λείπει
463 1539 586 1598 Ἀττικῶς
610 1538 642 1592 τὸ
670 1537 745 1604 δότε,
769 1544 851 1610 atque
875 1538 938 1596 δότε
962 1541 1076 1596 etiam'
1069 1558 1098 1594 111
1116 1541 1168 1595 fine
1187 1557 1291 1609 versuo,
1320 1542 1425 1638 quoia

351 1625 434 1680 Furio
452 1625 541 1679 verbis
560 1629 655 1693 poetae
675 1643 728 1682 non
746 1643 805 1682 esse
823 1627 945 1682 additum
962 1643 1047 1697 paone
1065 1628 1156 1684 miror.

261 1711 312 1766 811
349 1711 551 1814 σφραμῖδαθ.Ι
581 1713 615 1766 Η.
629 1714 670 1767 W.

263 1797 316 1851 813
351 1798 396 1850 in*
413 1797 496 1869 ὤμων
514 1799 544 1854 (3.
578 1795 698 1871 ἰπώμοιν
719 1799 753 1854 0²
771 1803 819 1856 out
835 1818 863 1866 o,
883 1818 945 1860 narn
968 1801 1119 1870 Fneglexi.

264 1885 316 1940 816
351 1881 415 1938 τόδε
436 1886 465 1938 C.
502 1887 545 1940 W.

264 1971 316 2024 819
352 1971 434 2026 schol.
460 1971 495 2026 ad
514 1973 632 2046 Δωρίδέ
657 1973 731 2034 εἶδος
748 1981 889 2045 μαχαίρας
905 1973 921 2039 ἡ
942 1974 1036 2046 δωρίς.
1052 1973 1190 2030 ntentitur.
1226 1973 1294 2036 bene
1312 1974 1426 2027 correxit

352 2059 491 2114 Neuokius
510 2061 600 2134 δορίδ
620 2057 791 2133 ἀναρπάσας.
803 2062 824 2129 ¹)

263 2145 316 2202 825
352 2149 485 2208 ἱππείσνς
504 2145 534 2200 (3.
570 2147 611 2200 W.
626 2148 659 2200 H.

265 2231 317 2286 826
353 2235 400 2284 καὶ
419 2229 512 2285 ἀνεῖτο
530 2231 561 2286 (3.
597 2230 710 2287 κάνεῖτο
728 2233 770 2286 (31.

263 2318 316 2374 830
351 2318 479 2372 ναὶόΟ.
511 2319 555 2386 χώ
575 2317 617 2373 (31.
654 2321 696 2374 W.

264 2405 316 2459 849
353 2405 441 2476 φονεά
463 2423 491 2457 τε
510 2405 540 2460 C.
577 2406 617 2460 W.

264 2492 317 2546 856
352 2491 425 2563 κάρα
443 2493 591 2554 ἐπιδείξων
610 2491 639 2545 C.
676 2495 702 2560 γ’
720 2492 870 2562 interponit
888 2491 928 2546 0².
965 2493 1000 2544 H.
1016 2493 1057 2546 W.

253 2579 317 2646 (865
353 2568 402 2632 ὧδ’
420 2578 455 2632 ἄν
474 2578 515 2648 (3.)

265 2665 317 2720 868
353 2665 513 2736 ἀναπτυχαί
531 2663 561 2719 (3.
599 2663 746 2734 ἀμπτυχαί
763 2663 806 2719 (31.

266 2751 319 2808 870
355 2756 421 2825 φέρε
438 2751 467 2808 (3.
503 2752 567 2822 φέρ’
586 2752 627 2804 (31.

266 2839 318 2892 872
354 2839 511 2910 νικηφόρου
531 2837 619 2892 (3Τσ.
656 2836 812 2910 νικαφόρου
830 2837 873 2892 (38.

266 2926 318 2980 873
354 2930 406 2994 μέν
423 2943 474 2978 νυν
493 2923 523 2978 C.
560 2922 594 2990 δὴ
615 2940 695 2992 super
713 2942 761 2978 νον
779 2929 810 2980 ut
824 2941 905 2994 saepe
923 2943 944 2980 c.
982 2926 1016 2978 H.

267 3011 318 3066 878
354 3009 447 3063 τούσδ’
460 3009 533 3077 (τοὺς
546 3011 571 3062 δ’
588 3017 611 3062 Γ
620 3015 755 3080 perverse)
768 3009 900 3070 ἀδίκωςθ
914 3011 960 3080 qui
973 3029 1002 3066 se
1015 3011 1073 3080 ipse
1085 3009 1201 3066 correxit
1215 3009 1242 3063 in
1257 3008 1378 3068 ἀδίκους.
1392 3009 1425 3061 Η.

266 3098 318 3152 884
353 3097 379 3156 ἐς
396 3113 413 3150 a
430 3097 448 3150 2
466 3097 495 3150 in
512 3112 566 3152 ras.

267 3185 317 3238 891
355 3183 400 3235 ἀεί
420 3182 450 3237 C.
488 3187 545 3236 αἰεί
560 3182 602 3237 (31.

267 3267 318 3326 893
337 3286 394 3340 sqq.
433 3268 473 3322 ὠο
500 3270 530 3322 δὲ
557 3275 595 3338 τῷ
624 3266 690 3340 σάφ’
721 3271 824 3323 εἰδέναι
844 3267 911 3324 τόδε
937 3273 1110 3342 προσθῶμεν
1129 3267 1264 3323 Victorius
1283 3284 1314 3321 ex
1332 3265 1428 3330 codiee,

192 3350 194 3354 ’
354 3355 425 3426 quod
442 3355 551 3410 defendi
569 3371 647 3424 posse
667 3355 735 3410 mihi
751 3355 865 3410 videtur.
902 3355 943 3410 W.
957 3356 990 3409 H.

255 3443 319 3510 (904
354 3443 516 3513 φιλόψυχος
534 3440 575 3510 (3.)

267 3530 319 3583 914
354 3533 401 3581 καὶ
420 3529 548 3603 ὀρφανὴν
566 3530 595 3584 C.
634 3528 699 3600 κώρ.
719 3527 761 3582 (31.

267 3617 318 3670 916
354 3618 401 3668 καὶ
422 3605 528 3686 ἔγημας
546 3615 575 3668 C.
612 3612 682 3684 κᾶμ’.
702 3615 744 3668 (37.

269 3703 320 3756 921
357 3700 487 3772 δάμαρτά
505 3720 556 3754 του
577 3699 606 3754 (3.
645 3699 773 3773 δάμαρτα
793 3705 841 3753 τοῦ
860 3701 955 3755 (31191
974 3717 995 3754 o.
1032 3699 1072 3753 W.

268 3788 319 3842 924
355 3788 438 3842 schol.
457 3787 491 3841 ad
509 3781 549 3840 οἷς
568 3788 636 3860 παρ’
656 3787 737 3840 αὐτῶ.

268 3874 366 3930 928’
355 3873 423 3930 όντα
443 3872 491 3946 ἀφ
511 3874 541 3927 (3.
577 3873 634 3930 ὅντ’
654 3894 702 3944 αφ.
721 3873 764 3926 02

265 3985 333 4098 -.1)
357 4030 434 4128 δορλς
459 4029 540 4082 etiam
564 4027 618 4081 elio
643 4027 701 4081 loeo
726 4043 743 4080 a
767 4026 886 4080 librariis
915 4025 1117 4095 pessumdatum
1143 4026 1193 4079 ost.
1236 4021 1428 4077 Beeoh.1210

217 4115 333 4184 Agave
326 4115 413 4169 irrisis
433 4115 472 4169 eis
492 4115 538 4184 qui
557 4113 745 4167 instrumentis
762 4113 790 4166 in
808 4112 929 4166 venando
949 4115 1061 4166 utuntur
1079 4111 1119 4164 ite
1137 4110 1271 4178 glorietur

493 4199 572 4272 ἡμεῖς
588 4201 664 4270 ‹16'7
683 4199 751 4284 αὐτρ
739 4203 839 4288 χειρὶ
856 4178 939 4254 τόνδε
956 4202 1017 4252 δε
1005 4201 1117 4269 εἵλομεν

492 4277 580 4345 χωρίς
597 4287 626 4324 τε
644 4268 731 4341 θηρὸς
747 4269 838 4345 ἀρθρα
857 4269 1077 4342 διεφορήσαμεν.

217 4355 352 4427 ε1θηρὸς
372 4359 435 4426 post
457 4356 541 4410 τόνδε
560 4358 687 4426 languet,
706 4372 793 4426 nequo
808 4357 895 4429 χωρὶς
914 4356 1062 4427 διαφορεῖν
1081 4353 1149 4408 setis
1166 4355 1257 4408 tutum
1277 4355 1327 4408 est.
1364 4352 1431 4424 quid

217 4443 356 4513 flagitetur
378 4445 410 4497 ut
435 4443 592 4512 saepissime
616 4443 771 4511 incorrupta
795 4443 884 4495 mente
915 4442 1051 4510 perspexit
1072 4438 1258 4509 Musgrevius,
1284 4441 1314 4494 ot
1332 4439 1432 4514 infelix

217 4531 274 4600 ipse
292 4530 353 4585 init.
390 4529 521 4598 vidimus,
543 4547 623 4600 quam
640 4531 735 4586 misere
754 4529 824 4584 harre
839 4529 1010 4598 potissimum
1027 4527 1193 4583 Bocchorum
1210 4529 1315 4596 portem
1332 4525 1431 4583 hebea-

217 4634 277 4672 mus
297 4619 455 4685 corruptam.
491 4633 545 4672 non
563 4617 656 4673 dubito
673 4623 760 4690 χωρίς
776 4635 805 4671 τε
825 4617 936 4686 δορλδος
954 4615 1077 4671 seribere.
1168 4686 1214 4751 δῦ
