3666 5296
856 410 906 472 111.
924 413 950 471 3.

514 585 545 679 [ἢ
566 587 651 678 πρὸς
675 585 773 678 φίλον
793 589 853 656 τιν’
872 585 893 678 ἢ
915 586 999 677 πρὸς
1020 585 1117 677 ἥλικα
1146 585 1294 678 τραπείς]

516 691 592 782 ἡμῖν
615 695 644 759 δ’
667 685 787 782 ἀνάγκη
805 692 890 780 πρὸς
911 689 1117 781 μίανψνχὴν
1136 691 1281 778 βλέπειν.

294 799 373 865 eieci
399 819 526 865 versum
552 799 585 863 in
614 800 722 882 quinto
751 799 836 884 pede
858 798 1097 864 claudicantem.
1143 798 1228 882 quod
1249 799 1360 864 vitium
1382 806 1416 864 et
1436 798 1511 864 Por-

294 923 390 969 sonus
424 910 457 968 et
488 902 542 968 diu
574 909 648 968 ante
681 923 753 969 eum
785 903 890 970 scriba
917 902 1035 969 codicis
1061 903 1245 988 Haviensis,
1281 910 1427 970 strenuus
1453 925 1512 969 nee

293 1006 438 1073 indoctus
464 1007 688 1092 interpolator,
722 1007 902 1074 coniectura
927 1002 1040 1094 ἥλικας
1066 1008 1233 1092 sustulisse
1264 1007 1325 1074 sibi
1346 1008 1408 1074 visi
1430 1015 1510 1074 sunt.

293 1131 462 1196 perperam
484 1111 531 1176 illi
553 1112 695 1196 quidem,
719 1133 790 1176 cum
805 1112 981 1178 orationem
1001 1132 1041 1177 ex
1055 1112 1208 1178 concinna
1223 1110 1393 1178 redderent
1407 1113 1511 1178 incon-

294 1217 427 1281 cinnam.
472 1223 506 1282 at
540 1216 660 1282 inutilis
693 1237 757 1282 non
791 1218 892 1282 solum
924 1217 978 1281 ille
1005 1235 1117 1282 versus
1154 1216 1212 1282 sed
1246 1217 1341 1301 plane
1376 1217 1510 1303 ineptus.

294 1321 416 1384 amicae
442 1321 526 1386 enirn
557 1321 769 1404 aequalesque
797 1321 893 1386 etiam
915 1321 1040 1386 mulieri
1062 1327 1147 1386 sunt:
1186 1319 1301 1386 Medea
1322 1321 1408 1387 viros
1430 1317 1512 1408 ἄσην

297 1418 416 1488 παύειν
450 1413 485 1488 in
517 1424 671 1510 pelicibus
705 1423 790 1490 dicit.
836 1425 922 1508 quod
956 1432 988 1490 et
1020 1423 1220 1491 doctissimos
1254 1432 1448 1491 correctores
1481 1432 1513 1491 et

299 1527 418 1594 indocti
446 1528 683 1614 interpolatoris
704 1528 890 1614 pudicitiam
912 1529 1001 1612 fugit.
1048 1529 1220 1595 scholiasta
1243 1537 1306 1594 244
1329 1527 1438 1616 (Dind.
1458 1529 1512 1594 IV.

296 1638 346 1696 24.
372 1632 439 1720 18),
461 1627 593 1698 ὅτοισι
614 1637 678 1697 τῶν
699 1635 768 1698 κατ’
797 1629 902 1698 οἰκίαν
923 1634 1009 1720 λυπῇ
1036 1629 1212 1719 προελθών
1233 1656 1299 1698 που
1321 1628 1514 1722 παρεμυθή·

296 1756 391 1820 σανο,
422 1758 532 1803 veram
553 1737 844 1823 interpretationem
866 1759 930 1804 non
953 1736 1123 1804 adsecutus
1146 1744 1207 1803 est:
1230 1737 1372 1822 spurium
1386 1758 1512 1804 versum

294 1839 435 1906 nondum
456 1841 542 1926 legit.

385 1962 484 2048 Cycl.
510 1969 582 2050 202.
627 1963 678 2028 eui
698 1964 763 2028 iam
785 1983 883 2048 supra
904 1964 1030 2030 obelum
1051 1962 1193 2047 praefixi.
1239 1961 1351 2030 Ulixes
1372 1963 1513 2048 Cyclope

297 2067 542 2151 superveniente
564 2089 585 2132 a
607 2066 714 2134 Sileno
735 2068 847 2152 fugere
869 2069 974 2134 iussus
997 2068 1077 2132 haec
1098 2067 1252 2150 loquitur:

472 2179 509 2253 οὗ
534 2189 615 2275 δῆτ’,
641 2185 718 2254 ἐπεί
739 2183 798 2252 τῶν
820 2188 943 2273 μεγάλοι
965 2189 992 2274 μ’
1015 2185 1035 2276 ἡ
1059 2184 1164 2272 Τροία
1185 2184 1303 2269 aeduos,

471 2288 501 2357 εἰ
524 2285 719 2380 pavidum-‘t'
741 2288 784 2356 ἕν’
808 2287 926 2377 ἄνδρα,
945 2288 1058 2377 μυρίον
1080 2291 1109 2356 δ’
1132 2287 1226 2372 ὄχλον

475 2399 608 2482 Φρυγῶν
629 2390 773 2483 ὑπέστην
798 2390 960 2472 πολλάκις
982 2393 1041 2460 σὺν
1061 2389 1197 2460 ἀσπίδι·

472 2500 540 2566 ἀλλ’
563 2495 592 2566 εἰ
613 2503 729 2564 θανεῖν
753 2499 820 2580 δεῖ,
840 2493 1085 2582 κατθανούμεθ’
1107 2488 1248 2584 εὐμενῶς.

472 2599 503 2692 [ἢ
525 2603 640 2685 ζῶντες
661 2594 750 2688 αἶνον
773 2600 829 2668 τὸν
851 2597 957 2688 πάρος
978 2595 1013 2668 εὖ
1035 2596 1205 2690 σώσομεν]

297 2733 468 2808 autequam
490 2725 618 2790 foedum
641 2724 751 2789 vitium
773 2725 950 2808 tolleretur,
974 2721 1190 2806 quaerendum
1213 2731 1282 2789 erat
1296 2744 1371 2790 uum
1387 2727 1513 2792 omuino

298 2851 410 2896 versus
432 2830 519 2896 haud
542 2829 638 2895 dubie
659 2829 779 2895 inutilis
799 2830 875 2895 t‘erri
896 2835 1014 2913 posset.
1053 2835 1086 2893 at
1107 2828 1213 2894 hercle
1236 2830 1289 2911 qui
1304 2849 1401 2894 unum
1415 2830 1513 2896 homi·

198 2981 200 2986 -
297 2955 370 3000 nem
402 2927 513 3018 lingere
539 2955 603 3000 non
628 2934 695 2998 vult
721 2934 796 3015 quia
822 2933 921 2998 multa
951 2932 1040 2998 milia
1066 2933 1229 3016 superavit
1250 2933 1400 2998 victoriae
1423 2955 1512 3019 spem

298 3039 395 3105 multo
416 3036 529 3103 l'ortius
551 3037 741 3122 pronuntiat.
776 3057 815 3101 ac
841 3037 956 3102 vellem
979 3035 1160 3102 docuissent
1182 3037 1265 3101 male
1287 3035 1391 3102 seduli
1410 3057 1512 3103 corre·

295 3149 398 3206 ctores
421 3142 624 3226 superstitem
645 3161 761 3223 graece
783 3140 887 3220 ζῶντα
907 3140 979 3205 diei.
1025 3141 1152 3204 omnino
1167 3139 1309 3223 languidi
1324 3147 1356 3206 et
1371 3142 1513 3208 elumbes

296 3246 444 3311 versiculi
473 3251 581 3310 contra
609 3251 709 3310 artem
735 3245 935 3328 corriguntur
959 3243 1066 3328 potius
1093 3263 1189 3326 quam
1212 3244 1374 3309 eiciuntur.
1419 3246 1513 3311 t'aeile

296 3349 453 3415 credimus
491 3347 586 3414 hodie
620 3350 766 3430 quemvis
797 3347 998 3414 mediocriter
1031 3346 1158 3412 doctum
1192 3349 1339 3412 meliores
1373 3369 1513 3433 pangere

296 3473 408 3519 versus
429 3474 525 3536 quam
545 3453 754 3538 Byzantinos,
784 3451 842 3518 sed
865 3473 903 3518 co
923 3452 1027 3535 magis
1050 3458 1161 3535 stupor
1182 3471 1290 3516 eorum
1312 3452 1449 3520 intactus
1465 3461 1513 3519 est

296 3557 536 3640 relinquendus,
560 3556 716 3622 modone
739 3555 909 3641 Euripides
932 3557 1096 3639 languoris
1111 3554 1316 3620 insimuletur.
1354 3558 1513 3622 tamenin

296 3661 378 3724 hano
408 3667 531 3745 partem
563 3681 626 3726 non
661 3681 733 3725 raro
767 3659 862 3724 hodie
891 3659 1018 3744 peccari
1044 3665 1076 3723 et
1102 3659 1135 3722 in
1161 3657 1242 3722 libro
1269 3659 1372 3742 primo
1394 3661 1514 3742 aliquot

297 3765 450 3848 exemplis
483 3764 618 3848 probavi
639 3772 679 3830 'et
705 3761 822 3829 addam
847 3762 908 3828 hoe
933 3764 1003 3828 loco
1029 3782 1112 3844 quae
1140 3782 1224 3827 nova
1249 3781 1288 3826 ac
1314 3763 1395 3827 scitu
1416 3762 1514 3846 digna

297 3867 472 3933 videantur.

385 3989 567 4054 Hercules
589 3995 759 4073 postquam
779 4009 818 4054 ex
841 3988 973 4053 vesania
995 3985 1176 4072 experrexit
1198 3983 1330 4050 caedem
1352 4007 1391 4050 ac
1407 3988 1513 4052 ruinas

297 4093 429 4158 miratus
449 4094 585 4177 quaerit,
614 4113 690 4158 num
711 4093 793 4158 forte
814 4091 858 4157 ad
876 4092 995 4157 inferos
1016 4092 1130 4157 iterum
1153 4089 1361 4155 descenderit.
1398 4091 1515 4156 indicet

242 4273 245 4279 ¹
297 4197 358 4262 sibi
379 4198 521 4280 quisquis
542 4217 643 4282 prope
666 4196 771 4262 adstet
792 4197 848 4262 ubi
871 4197 912 4262 sit

475 4325 558 4382 1108
603 4321 719 4406 σαφῶς
739 4315 799 4404 γὰρ
821 4307 912 4382 οὐδὲν
933 4307 1091 4382 eidemin
1114 4308 1298 4382 εἰωθότων.-

297 4439 381 4503 m'lcil
412 4438 499 4502 soliti
524 4441 588 4504 seio
612 4440 702 4504 nihili
730 4446 792 4524 est,
827 4445 883 4504 aut
902 4437 985 4504 atto
1006 4437 1109 4502 decis
1131 4435 1316 4518 quaemihi
1341 4436 1514 4502 comderiat

297 4545 361 4608 suto
389 4541 558 4608 dicendum
588 4552 657 4610 erat
686 4543 779 4631 (satis
805 4541 969 4628 languide)
990 4548 1044 4606 aut
1066 4540 1150 4604 nitu
1172 4541 1261 4606 soliti
1282 4541 1381 4606 uideo.
1426 4542 1514 4624 atqui
