3594 5292
686 1321 968 1404 Praefatio.

307 1527 342 1590 In
365 1545 429 1592 uua
450 1532 536 1592 certe
559 1527 726 1610 tragoedia
747 1531 913 1611 praestare
936 1524 1023 1592 volui
1045 1524 1132 1607 quod
1145 1525 1179 1590 in
1194 1524 1339 1591 omnihus
1355 1543 1435 1608 quas

218 1627 349 1710 quidem
376 1629 477 1696 codici
508 1634 539 1694 d>
567 1630 740 1697 debeamus
769 1629 997 1716 praestandum
1023 1648 1095 1696 esse
1123 1628 1203 1712 scio,
1233 1634 1268 1694 at
1293 1648 1334 1696 ne
1364 1629 1435 1714 ipse

216 1738 383 1816 praestare
417 1753 512 1800 coner
545 1740 632 1800 recta
663 1734 776 1800 virium
808 1733 1028 1800 aestimatione
1062 1731 1241 1816 prohibeor.
1293 1733 1437 1815 sequitur

216 1835 314 1919 igitur
334 1836 519 1922 Supplicem
550 1837 678 1906 fabulae
701 1838 875 1904 recensio
898 1837 1019 1904 adeas
1042 1836 1132 1920 leges
1161 1855 1241 1918 quas
1272 1837 1436 1921 superiore

216 1939 298 2004 libro
322 1941 502 2022 sequendas
526 1942 619 2008 docui
641 1963 737 2025 quam
758 1942 847 2034 potui
869 1941 1088 2008 sollertissime
1112 1947 1232 2008 exacta.
1267 1941 1436 2008 videbatur

218 2045 304 2108 euim
327 2045 407 2112 haec
428 2046 629 2130 potissimum
650 2047 760 2114 fabula
782 2067 853 2112 cum
878 2052 1008 2130 propter
1031 2044 1289 2130 apographorum
1310 2065 1435 2112 ermres

218 2153 285 2212 turn
307 2157 438 2233 propter
461 2149 653 2234 singularem
677 2151 836 2234 quandam
859 2170 954 2233 quarn
976 2150 1009 2214 in
1032 2169 1071 2216 ea
1093 2148 1195 2216 codex
1221 2153 1252 2213 d>
1271 2149 1342 2235 ipse
1357 2169 1436 2234 prae

217 2271 254 2318 se
282 2253 344 2318 fert
373 2255 525 2338 speeiem,
555 2255 692 2337 denique
721 2262 891 2340 propterea
920 2253 1006 2336 quod
1027 2253 1114 2319 haud
1133 2254 1266 2337 exiguus
1288 2273 1437 2320 versuum

216 2376 367 2424 numeru·
402 2358 488 2442 apud
513 2359 592 2424 alios
623 2359 946 2443 quoque·soriptores
976 2363 1122 2424 servatus
1153 2365 1217 2441 est,
1251 2364 1286 2423 ut
1308 2357 1349 2424 de
1372 2357 1437 2423 fide

216 2459 337 2527 codicis
363 2466 394 2526 d>
415 2462 567 2528 iudicium
588 2462 665 2530 ferri
687 2463 801 2547 possit,
823 2462 987 2546 inprimis
1010 2460 1143 2545 idonea,
1165 2462 1199 2526 in
1214 2481 1278 2544 qua
1292 2467 1325 2528 et
1339 2481 1436 2544 quan-

216 2573 284 2630 tum
306 2566 450 2633 utilitatis
473 2567 609 2634 inventis
628 2567 708 2634 meis
730 2567 849 2634 inesset
871 2572 903 2632 et
926 2571 1082 2648 quatenus
1104 2566 1174 2650 ipse
1196 2565 1242 2632 eis
1261 2567 1307 2632 uti
1322 2561 1437 2632 scirem

219 2669 499 2738 demonstraretur.
539 2671 751 2755 subscriptum
770 2671 867 2755 igitur
888 2670 1012 2736 invenis
1030 2676 1145 2754 poetae
1160 2669 1267 2736 verbis
1283 2669 1438 2753 quidquid

217 2773 321 2840 codex
346 2778 377 2838 d>
394 2775 585 2840 oontinuita
606 2795 804 2858 quacumque
826 2795 921 2840 manu
944 2775 977 2840 in
1000 2794 1072 2840 eum
1094 2774 1227 2840 inlatum
1250 2780 1316 2858 est,
1338 2775 1436 2840 maui-

218 2879 279 2944 hus
305 2884 462 2960 quatenus
492 2879 562 2946 fieri
590 2885 717 2963 poterat
746 2878 912 2946 distinctis.
964 2899 1002 2944 ac
1033 2884 1178 2962 poteram
1204 2878 1437 2961 aliquotieusa

218 2983 362 3066 generah
390 2983 481 3066 signo
512 3007 538 3070 φ
569 2983 750 3050 discernere
783 2984 936 3050 lectiones
962 2983 994 3048 in
1017 2983 1160 3066 margine
1188 2983 1326 3066 positas3
1357 3001 1437 3065 quas

218 3086 327 3172 paullo
348 3087 448 3171 pluris
471 3088 603 3154 aestimo
626 3108 721 3170 quam
744 3107 894 3172 magnum
916 3088 1005 3152 illum
1020 3089 1249 3152 correctionum
1263 3107 1437 3170 numerum,

220 3191 338 3275 quippe
360 3191 443 3257 inter
465 3211 545 3274 quas
567 3193 655 3257 nulla
675 3191 822 3258 videatur
844 3213 915 3258 esse
938 3192 1014 3274 quin
1045 3191 1262 3276 aByuantino
1284 3191 1438 3274 magistro

220 3294 364 3378 profecta
391 3315 463 3362 esse
486 3297 600 3380 possit;
631 3315 823 3379 quamquam
852 3297 924 3380 plus
953 3295 1066 3379 viginti
1094 3315 1207 3362 versus
1236 3317 1262 3382 φ
1293 3295 1437 3362 correxit.

221 3398 376 3480 quidquid
405 3419 481 3466 vero
511 3400 768 3484 apographorum
787 3407 982 3466 correctores
1002 3405 1192 3483 posuerunt,
1223 3399 1372 3481 quoniam
1395 3399 1437 3465 de

220 3503 344 3586 origine
375 3503 529 3570 dubitatio
560 3505 648 3568 nulla
673 3505 738 3568 iam
770 3503 845 3570 oriri
875 3510 995 3587 potest,
1027 3509 1209 3569 constanter
1230 3503 1346 3587 abieci,
1373 3503 1438 3570 nisi

220 3607 302 3674 torte
324 3627 434 3672 verum
454 3607 702 3696 antdivinando
723 3615 777 3672 aut
800 3627 839 3674 ex
862 3608 925 3673 alio
946 3609 1032 3673 l'onte
1053 3607 1230 3688 (Palatinus
1246 3607 1329 3672 enim
1344 3607 1438 3674 inter·

221 3712 347 3796 polator
377 3711 516 3778 Stobaeo
545 3731 621 3777 usus
651 3710 714 3796 est)
742 3712 962 3795 restituerunt,
993 3710 1079 3793 quod
1103 3711 1136 3776 in
1158 3711 1363 3794 Supplicihus
1384 3711 1438 3776 vix

86 3857 88 3862 -
221 3834 355 3897 usquam
374 3815 586 3882 Laurentiano
609 3816 680 3899 plus
700 3815 820 3881 viciens
842 3816 986 3880 Palatino
1010 3815 1148 3898 contigit.
1186 3815 1240 3880 ubi
1255 3815 1440 3899 apographa
1495 3876 1498 3885 ,

222 3920 318 3986 etiam
349 3925 423 4002 post
452 3939 568 3984 novam
595 3920 805 3986 conlationem
834 3918 1037 4002 dissentiunt,
1068 3925 1133 3984 tarn
1161 3920 1275 4002 planus
1302 3920 1438 4004 plenum-

222 4043 284 4106 que
313 4023 444 4090 alterius
471 4043 560 4088 error
588 4030 650 4107 est,
678 4030 713 4088 ut
736 4029 843 4088 tacere
872 4023 1083 4106 praestiterit:
1120 4023 1198 4088 nihil
1231 4024 1314 4088 enim
1337 4024 1440 4105 magis

223 4133 314 4212 opto,
342 4147 438 4209 quarn
466 4135 501 4192 ut
530 4128 690 4194 variarum
713 4128 882 4192 lectionum
905 4127 1080 4210 piscatores
1102 4129 1242 4210 graviter
1265 4127 1341 4192 mihi
1363 4127 1440 4192 iras-

223 4237 346 4315 cantur,
382 4231 556 4315 prudentes
589 4232 830 4314 quisquiliarum
865 4237 1099 4314 contemptores
1133 4231 1291 4298 silentium
1323 4232 1356 4294 in
1389 4251 1440 4296 me

222 4335 362 4402 laudent.
422 4335 744 4417 aliquotiens'tamen
779 4342 834 4400 aut
865 4335 1121 4419 apographorum
1159 4342 1213 4400 aot
1247 4335 1440 4400 oculatorum

223 4459 363 4506 errorem
386 4440 578 4522 singularem
601 4440 698 4506 verbo
719 4440 825 4523 tetigi:
857 4439 1006 4504 obicient
1022 4438 1102 4505 haec
1124 4441 1178 4520 qui
1195 4448 1268 4522 post
1288 4451 1341 4506 'me
1361 4441 1440 4524 Sup-

223 4545 323 4630 plices
347 4551 580 4628 recognoscent.
619 4544 783 4610 metricam
805 4543 1043 4627 discriptionem
1063 4544 1123 4610 nisi
1146 4545 1337 4610 contrarium
1352 4551 1439 4610 nota·
