3594 5292
359 417 395 474 28
938 415 1001 474 14

362 604 401 642 vs.
415 588 467 645 188
502 591 540 641 τῶ
557 591 675 648 Λατοῦςι
696 586 824 659 διδύμων
847 591 875 643 C.
913 594 967 643 τῶν
985 594 1097 652 Λατοῦς
1117 587 1301 662 διδύμωνῬ..
1334 593 1408 646 lacus
1431 593 1501 647 inter
1518 611 1574 648 cor·

498 673 669 743 ruptissimcs
688 677 738 729 esi.
773 691 816 730 mc
834 676 922 730 iudica
940 693 999 730 cum
1019 677 1117 732 crrcris
1135 695 1184 747 per
1201 695 1230 732 sc
1248 677 1343 748 pusilli
1361 695 1442 734 causa
1466 679 1495 733 im
1513 698 1574 749 prc-

498 761 592 829 psiulc
611 761 662 830 sii,
682 779 699 817 a
718 761 739 818 0
756 779 809 818 uso
827 763 1056 834 proficiscendum.

415 846 466 902 116
501 845 597 914 κήπων
619 863 712 902 verum
730 852 756 902 0.
792 847 912 920 κόμπον
929 854 958 904 P.
995 851 1039 906 hic
1062 853 1137 906 locus
1160 870 1201 907 ex.
1218 853 1258 907 cis
1277 856 1333 917 est,
1361 853 1408 922 qui
1425 851 1494 905 mihi
1513 867 1574 919 per-

501 936 658 996 suaserunt,
679 939 711 990 ut
731 942 758 989 Φ
781 939 845 1004 post
867 937 1033 1007 descriptum
1050 937 1072 993 0
1095 938 1180 994 valde
1198 940 1327 994 detritum
1354 956 1413 994 cese
1431 937 1575 995 crederem.

499 1037 562 1074 uam
580 1021 660 1075 sclito
679 1022 764 1076 maior
781 1039 855 1078 error
871 1023 902 1077 P.

414 1106 466 1162 165
501 1104 664 1178 ξύμμολπος
679 1111 708 1165 Ρ.
745 1107 913 1181 σύμμολπος
931 1112 958 1167 c.
999 1112 1052 1166 etsi
1074 1113 1198 1182 quaestio
1223 1113 1256 1167 de
1275 1114 1384 1168 litterae
1403 1117 1418 1174 ξ
1434 1129 1485 1168 usu
1503 1114 1576 1182 apud

500 1192 618 1263 tragicos
635 1194 767 1250 adfinem
786 1197 904 1251 noudum
920 1199 1049 1266 perducta
1068 1202 1123 1263 est,
1142 1199 1186 1254 hic
1200 1198 1220 1254 0
1241 1217 1345 1256 errasse
1356 1200 1494 1276 probabile
1507 1215 1575 1264 reor,

503 1279 630 1350 quoniam
648 1282 789 1352 vulgarius
806 1283 888 1338 deuia

414 1367 466 1424 235
504 1371 562 1422 XO.
580 1368 611 1422 P.
656 1374 718 1425 ΧΟ.
738 1367 754 1437 ἢ
773 1376 851 1428 ΚΡΕ.
871 1372 898 1427 0.
934 1373 987 1426 etsi
1005 1374 1027 1425 P
1046 1387 1140 1427 verum
1158 1371 1289 1436 servavit,
1314 1375 1407 1428 temen
1425 1373 1575 1429 omittendo

503 1471 628 1525 peccasse
646 1456 797 1512 censendus
814 1460 864 1512 cst.

414 1543 467 1599 300
502 1540 582 1609 σηκὸς
601 1544 626 1596 δ’
646 1542 675 1598 εὖ
696 1549 809 1618 στρέφει
826 1546 857 1602 P.

502 1627 601 1696 σηκοὺς
619 1629 645 1684 δ’
665 1627 694 1684 εδ
714 1636 825 1702 στρέφει
846 1633 874 1684 0.

501 1718 562 1770 uter
580 1717 723 1780 erraverit,
742 1717 795 1771 dici
813 1718 918 1788 nequii.
953 1735 1045 1774 verum
1064 1725 1157 1786 σηκοῖς
1175 1719 1201 1772 δ’
1220 1721 1362 1793 ἐνοτρέφει
1375 1719 1488 1788 praebes
1500 1719 1577 1774 scho-

503 1803 560 1866 lion
579 1803 600 1858 G
620 1806 799 1878 ἐνστρέφεται
814 1811 857 1858 ’τῶ
875 1809 924 1859 τοῦ
947 1811 1115 1879 Τροφωνίου
1133 1811 1215 1872 canc.
1223 1807 1247 1875 1)

415 1890 467 1946 545
503 1896 553 1944 τοῦ
576 1895 639 1945 νέου
658 1893 685 1945 0.
724 1895 773 1946 τοῦ
797 1889 885 1962 λόγου
907 1893 929 1944 Ρ
948 1893 1048 1962 inepte.
1085 1895 1179 1948 tamen
1195 1897 1216 1946 P
1235 1909 1289 1946 non
1308 1879 1470 1948 dormitesse
1488 1893 1577 1957 crede,

503 1977 551 2031 sed
578 1977 693 2047 primam
720 1995 829 2034 manum
849 1980 1001 2043 rettulisse,
1030 1982 1049 2034 0
1078 1981 1192 2036 alteram
1218 1995 1286 2049 quae
1313 1996 1374 2034 cum
1395 1979 1496 2035 schch'c
1513 1996 1578 2034 cou-

504 2069 623 2134 grueret.

417 2153 468 2210 651
504 2155 576 2206 θέλω
593 2154 621 2205 0.
657 2149 747 2208 ἐλθών
764 2155 795 2208 Ρ.
831 2170 892 2220 cum
914 2154 989 2208 locus
1013 2155 1134 2209 rendum
1152 2156 1263 2209 mustus
1280 2154 1328 2218 sit,
1356 2152 1486 2207 iudicium
1505 2153 1577 2208 cohi·

503 2238 620 2294 bendum
637 2243 686 2294 cst.

415 2327 466 2382 577
503 2333 594 2398 στεῖχε
613 2329 632 2380 0
652 2327 725 2381 haud
744 2328 825 2383 dubie
843 2345 946 2384 verum.
981 2325 1050 2395 ἦλθε
1068 2331 1090 2380 Ρ
1109 2327 1181 2397 quod
1198 2328 1298 2382 iniuria
1317 2327 1411 2382 dicuni
1429 2329 1496 2381 ἐλθέ
1505 2343 1574 2391 esse,

504 2413 732 2482 pronuntiationis
758 2415 934 2470 immemores.
971 2415 1018 2485 qui
1036 2414 1138 2469 iactum
1157 2415 1206 2478 sit,
1234 2417 1266 2468 ut
1283 2418 1304 2466 P
1320 2416 1428 2469 ‘sunium
1446 2413 1576 2467 dormita-

503 2501 586 2567 verit,
607 2499 747 2555 obscurum
763 2501 837 2555 mihi.

400 2587 469 2642 1168
504 2588 530 2646 ἐς
547 2589 576 2642 P.
613 2591 653 2647 εἰς
670 2589 697 2642 O.
734 2588 865 2643 erraverit
885 2589 913 2641 0.

452 2819 480 2889 2)
497 2819 529 2874 In
547 2819 597 2875 hec
614 2821 708 2875 fabula
723 2821 832 2875 notulas
850 2837 905 2874 ucu
925 2835 1030 2888 semper
1048 2819 1227 2889 spernendas,
1251 2835 1320 2887 quas
1341 2819 1363 2872 P
1382 2820 1493 2872 cunctas
1511 2819 1580 2872 omi-

366 2906 415 2970 sit,
434 2906 456 2960 0
475 2924 506 2961 ax
528 2909 672 2978 archetypo
700 2908 822 2976 sumpsit.
863 2923 931 2978 quas
957 2906 1002 2960 hic
1024 2907 1179 2960 coniunctas
1204 2905 1323 2960 exhibeo.
1361 2905 1482 2976 quamvis
1508 2906 1581 2960 euim

365 2993 433 3048 viles
451 2991 555 3064 aliquot
571 2995 655 3050 bcuas
675 2995 804 3050 lectiones
823 2997 978 3059 servarunt,
998 2993 1094 3047 necin
1113 2991 1270 3062 quaestione
1288 2993 1321 3048 de
1340 2995 1488 3048 correctore
1506 2992 1580 3046 ccdi-

248 3117 251 3124 ·
365 3080 403 3134 cis
424 3089 452 3134 Φ
469 3082 638 3138 instituenda
655 3083 744 3138 omitti
763 3083 886 3151 possunt.
922 3080 1026 3149 accepit
1043 3096 1088 3134 eas
1107 3097 1124 3133 a
1141 3079 1224 3134 Puris
1235 3079 1377 3148 Matthiae,
1397 3079 1575 3134 aMatthiaec

366 3167 489 3223 Diudcrf.
510 3169 593 3224 schol.
614 3169 662 3224 IV.
680 3171 739 3226 218.

366 3287 405 3328 re.
437 3273 470 3327 87
507 3273 626 3348 ripaeque:
650 3273 701 3341 τὴν
714 3279 844 3344 πραεῖαν.

420 3361 471 3417 172
507 3359 632 3422 εὐνοίας·
660 3365 733 3432 λέγει
758 3361 789 3416 δὲ
810 3358 873 3420 τοὺς
897 3356 1021 3429 φωλεοὺς
1044 3359 1071 3410 οἳ
1094 3354 1165 3410 κατὰ
1186 3354 1226 3426 (τὸ
1247 3353 1318 3411 πολύ
1336 3358 1439 3412 resecto
1457 3356 1581 3424 margine

506 3448 599 3518 periit)
617 3450 647 3502 ἐκ
667 3453 796 3522 καρφέων
813 3451 953 3517 γίνονται.

420 3535 471 3588 173
508 3541 599 3606 taxat·
624 3533 693 3590 κατὰ
711 3533 741 3590 τὸ
760 3536 849 3608 νευρὶς
864 3531 929 3602 (leg.
950 3529 1042 3604 νευρὴ)
1061 3531 1095 3584 δέ
1111 3531 1174 3601 μέγ’
1194 3535 1273 3600 ἴαχεν
1289 3529 1327 3598 (Δ
1346 3531 1417 3599 125).

419 3622 471 3678 337
507 3621 543 3676 ad
560 3620 645 3697 ἀργὸς
662 3619 677 3689 ἡ
697 3620 770 3684 θεὸς,
787 3618 803 3686 ἡ
824 3617 920 3678 αἰδώς.

419 3709 472 3765 353
508 3725 588 3778 super
605 3713 733 3784 Μακραί,
754 3706 844 3778 ὄνομα
858 3702 952 3759 τόπου.

420 3797 472 3852 545
507 3797 542 3851 ad
558 3802 608 3850 τοῦ
625 3801 687 3850 νέου
704 3799 801 3862 -τῆς
817 3790 967 3859 sacrasse·

419 3885 472 3940 550
505 3881 594 3942 τόπος
612 3887 642 3936 αἱ
662 3885 755 3935 Φαναὶ
774 3871 808 3934 οὗ
824 3884 964 3952 μέμνηται
983 3883 1030 3931 καὶ
1050 3879 1065 3931 ὁ
1088 3876 1210 3950 κωμικός
1228 3877 1286 3948 (Aa.
1307 3877 1395 3947 1694.)

419 3971 472 4027 585
507 3987 589 4040 supra
605 3973 682 4024 ταῦτ’
699 3968 809 4027 ὄνειδος
827 3965 858 4020 τὸ
876 3965 952 4021 αὐτό.
1290 4028 1296 4040 ·

402 4059 471 4114 1023
505 4057 539 4112 τὸ
559 4055 612 4132 ἄρα
627 4055 705 4130 πρὸς
724 4053 774 4122 τὴν
787 4061 889 4127 χρείαν
906 4056 958 4107 τοῦ
975 4052 1080 4127 μέΐρου
1098 4055 1145 4105 καὶ
1164 4053 1232 4121 δίχα
1251 4057 1303 4106 τοῦ
1321 4051 1430 4122 ἐρωτᾶν
1441 4055 1584 4124 περισπᾶ-

507 4166 554 4198 ται
572 4149 619 4198 καὶ
637 4140 793 4198 δασύνεται.

403 4233 472 4288 1026
506 4230 558 4288 νὺν
576 4233 696 4286 ἐνταῦθα
715 4227 779 4284 ἀντὶ
798 4234 851 4282 τοῦ
868 4235 902 4283 νῦ
920 4223 1164 4300 παραπληρώματι
1182 4229 1230 4278 τοῦ
1244 4225 1420 4293 συνδέσμου·
1437 4222 1582 4276 διὰτοῡτο

506 4317 561 4392 γὰρ
579 4321 626 4372 αα)
642 4313 732 4389 βραχὺ
750 4312 816 4368 αὐτὸ
833 4312 1025 4386 παραλήγεται
1044 4317 1093 4366 καὶ
1109 4310 1253 4384 ὀφείλεται
1270 4307 1430 4373 ὀξύνεσθαι.

404 4406 473 4462 1139
510 4403 659 4473 εὐγώνιονε
683 4399 786 4468 σκηνὴν
804 4399 920 4468 δηλαδή.

404 4493 471 4548 lml
508 4492 543 4546 ad
559 4490 671 4562 ἠτρίων.
706 4487 810 4548 εὐτελὲς
827 4485 950 4559 ἱμάτιον.

405 4580 474 4636 1454
509 4593 590 4648 supra
605 4573 699 4647 γύναι,
718 4581 824 4630 Πυθία,
