3626 5288
846 329 883 384 11.
903 331 927 383 1.
1444 333 1495 388 141

371 497 514 564 Tandem
537 501 579 566 ad
600 499 785 586 Euripidem
807 502 968 584 venimus,
991 505 1026 565 ut
1048 519 1131 564 nunc
1151 519 1202 567 res
1219 499 1379 586 sehabet,
1401 503 1495 587 longe

283 602 506 682 gravissimam
527 604 741 688 inscriptionis
764 611 897 689 partem.
935 603 1114 680 emendatio
1137 603 1289 669 facillima
1303 603 1377 688 fuit,
1401 606 1495 688 siqui-

284 702 357 768 dem
386 705 571 789 tragoediae
607 707 649 772 ad
679 714 798 773 certam
832 708 986 772 rationem
1015 706 1188 790 dispositae
1217 713 1305 790 sunt,
1339 707 1432 773 modo
1465 715 1497 774 et

284 827 433 874 numerus
459 816 491 874 et
512 811 641 875 nomina
661 811 841 876 fabularum
864 811 908 894 ei,
939 811 994 892 qui
1017 809 1188 874 emendare
1210 811 1320 894 vellet,
1353 812 1497 894 cognitus

285 917 377 977 esset.
422 913 601 995 proximum
623 920 717 998 caput
740 914 880 997 docebit,
902 915 955 978 vel
975 913 1043 978 sine
1065 911 1159 978 huius
1183 913 1265 976 tituli
1285 933 1346 996 ope
1361 913 1440 979 illud
1455 914 1498 979 ad

284 1014 437 1096 liquidum
459 1016 590 1099 perduoi
612 1018 763 1100 potuisse.
800 1016 1050 1099 quodquoniam
1067 1015 1378 1100 conpertumhabui,
1402 1037 1497 1100 expe-

285 1118 452 1183 rimentum
475 1119 593 1204 duplex
616 1120 797 1186 faciendum
818 1120 897 1203 vidi3
929 1119 1082 1203 suppletis
1111 1119 1194 1184 enim
1216 1118 1402 1203 supplendis
1425 1140 1497 1186 con-

285 1241 398 1303 gruere
433 1221 571 1288 debebat
602 1225 635 1288 in
668 1224 759 1289 titulo
792 1243 942 1288 versuum
976 1242 1140 1305 numerus,
1174 1223 1319 1305 suppleto
1349 1243 1497 1288 versuum

285 1344 415 1390 numero
450 1346 623 1410 congruere
657 1325 795 1392 debebat
823 1326 1002 1391 fabularum
1032 1345 1126 1407 quem
1153 1324 1271 1388 dudum
1299 1325 1498 1400 confeceram

286 1429 463 1512 catalogus;
487 1431 536 1494 sin
558 1431 671 1514 minus,
687 1436 743 1495 aut
756 1429 808 1494 hic
824 1436 879 1494 aut
893 1429 958 1494 illic
973 1449 1098 1494 errores
1114 1429 1263 1493 latebant.
1301 1435 1335 1493 at
1348 1449 1411 1494 non
1427 1449 1498 1495 con·

286 1538 401 1612 gruunt
422 1538 559 1597 tantum:
578 1533 754 1598 ¹firmantur
777 1533 888 1617 dubia,
910 1534 1088 1598 clarescunt
1108 1531 1258 1614 obscura;
1289 1532 1404 1614 quodsi
1426 1535 1497 1600 sub·
1541 1584 1544 1593 .

285 1635 358 1700 latis
381 1635 635 1722 difficultatibus,
666 1637 779 1719 quibus
801 1653 922 1720 genera
943 1636 1082 1700 virorum
1105 1634 1269 1699 doctorum
1291 1637 1497 1722 vexabantur,

286 1758 387 1803 novae
416 1747 597 1825 emergunt,
625 1741 739 1822 quibus
768 1739 863 1805 hodie
887 1740 1016 1823 inpares
1043 1757 1167 1804 sumus:
1201 1739 1308 1803 veniet
1335 1759 1393 1804 suo
1420 1746 1498 1806 tem-

287 1861 364 1924 pore
388 1842 484 1906 etiam
506 1843 576 1908 istis
599 1844 738 1909 tenebris
762 1849 891 1927 sperata
910 1844 979 1907 lux:
1002 1842 1120 1924 quippe
1141 1846 1241 1906 artem
1257 1841 1385 1908 brevem
1401 1844 1500 1909 vitam

287 1951 449 2010 aeternam
472 1947 540 2012 iure
562 1947 612 2011 vir
633 1948 667 2012 in
689 1953 758 2012 arte
780 1947 1072 2030 praestantissimus
1095 1944 1183 2009 dixit.

374 2048 464 2126 Quae
487 2050 530 2115 ad
559 2051 737 2133 catalogum
759 2051 933 2134 pertinent,
964 2050 1047 2114 infra
1067 2047 1255 2112 coniunctim
1273 2051 1499 2116 tractabuntur.

287 2151 338 2216 hic
360 2154 497 2236 primum
519 2154 622 2237 ipsam
646 2153 901 2219 emendationem
924 2152 1106 2236 explicabo,
1136 2150 1257 2217 deinde·
1273 2153 1315 2218 ad
1336 2174 1389 2238 ea,
1418 2175 1499 2237 quae

223 2254 226 2259 ’
287 2255 380 2322 huius
401 2257 514 2341 capitis
534 2263 619 2341 sunt,
642 2257 685 2321 ad
706 2256 826 2322 ordinis
849 2257 1003 2321 rationem
1023 2254 1162 2320 redeam.

377 2367 416 2424 13
463 2361 570 2444 p'aullo
597 2361 698 2425 maior
720 2360 812 2426 solito
834 2359 1009 2424 litterarum
1032 2377 1181 2424 numerus
1206 2365 1246 2422 16
1269 2360 1377 2442 paullo
1399 2362 1501 2427 minor

288 2462 390 2529 videri
411 2470 533 2548 potest3
557 2471 591 2528 at
611 2464 717 2547 imago
740 2463 857 2548 lapidis
881 2483 978 2546 supra
1001 2461 1142 2528 exhibita
1165 2460 1377 2528 dubitationes
1398 2465 1500 2548 tollet5

289 2568 510 2648 quadratarius
529 2569 594 2632 illic
614 2569 712 2634 artius
734 2567 785 2632 hic
806 2568 902 2632 latius
925 2566 1082 2650 disposuit
1104 2566 1235 2630 litteras.

377 2677 426 2736 15.
472 2669 602 2758 σάτυροι
619 2671 704 2753 quod
720 2691 760 2736 ex
773 2677 914 2736 monstro
929 2669 1045 2735 tradito
1061 2669 1184 2735 restitui
1198 2675 1272 2753 post
1288 2687 1424 2752 eaquae
1439 2671 1463 2735 I.
1480 2679 1499 2736 8

288 2775 394 2840 monui
427 2775 585 2840 neminem
618 2775 800 2840 morabitur.
853 2775 931 2839 satis
963 2773 1074 2838 habuit
1107 2772 1331 2854 quadratarius
1371 2775 1425 2838 uni
1460 2795 1500 2840 ex

288 2879 387 2944 tribus
411 2879 558 2962 satyricis
580 2877 697 2943 fabulis
719 2885 826 2942 notam
848 2877 977 2943 addere.
1014 2883 1119 2941 utrum
1140 2876 1275 2942 eandem
1290 2898 1337 2943 vs.
1356 2885 1395 2942 19
1411 2877 1499 2942 fabu-

176 3037 178 3042 ,
286 2983 338 3046 lae
365 2983 523 3066 satyricae
549 2983 677 3064 ignotae
697 2981 785 3067 (nam
809 2981 878 3046 eius
899 2983 937 3042 H
955 2982 1124 3064 superesse
1147 2979 1231 3044 infra
1253 2980 1444 3067 videbimus)
1469 2988 1501 3046 et

287 3105 333 3149 vs.
357 3093 398 3149 26
430 3084 609 3169 Eurystheo
639 3085 799 3150 addiderit
826 3104 940 3168 necne,
970 3084 1137 3148 nescimus.
1191 3104 1262 3148 cum
1288 3105 1364 3150 vero
1386 3105 1500 3150 nomen

288 3187 434 3252 undecim
463 3188 531 3252 fere
560 3187 736 3260 litterarum
758 3209 820 3253 non
843 3188 888 3252 ita
906 3187 1056 3269 frequens
1084 3187 1141 3270 sit,
1174 3187 1370 3270 probabilius
1399 3187 1502 3253 videri

288 3297 405 3374 potest,
426 3289 568 3355 additam
590 3291 689 3357 luisse
711 3297 818 3356 notam
841 3311 887 3356 vs.
913 3298 962 3356 19.
1008 3309 1067 3372 ego
1091 3289 1328 3372 quadratariam
1349 3291 1409 3356 sibi
1430 3311 1500 3355 con-

290 3395 406 3459 stitisse
436 3415 501 3464 non
534 3393 644 3478 credo,
686 3400 718 3459 et
746 3413 792 3459 vs.
816 3400 856 3458 26
887 3400 963 3458 nota
989 3394 1072 3458 male
1103 3395 1258 3459 convenit.
1319 3400 1368 3457 18.
1401 3389 1502 3458 ‘Atat

291 3503 340 3561 24.
365 3492 527 3582 Ἅφιὸναι
559 3504 669 3582 aperte
690 3517 844 3581 pagorum
866 3497 995 3561 nomina
1015 3496 1116 3578 primo
1140 3497 1250 3561 obtutu
1277 3517 1380 3580 paene
1402 3498 1501 3562 incre-

168 3637 171 3642 ,
291 3600 400 3666 dibilia
419 3600 577 3666 videntur.
623 3607 656 3664 at
678 3599 935 3682 quandoquidem
956 3619 1015 3683 per
1033 3599 1148 3664 multas
1165 3619 1278 3665 causas
1295 3600 1400 3684 opinio
1421 3620 1502 3664 com-

290 3703 470 3788 mendatur,
498 3723 562 3786 qua
589 3705 679 3768 titulo
702 3704 800 3768 libros
822 3703 981 3768 recenseri
1004 3708 1059 3766 aut
1082 3701 1278 3768 denodatos
1301 3709 1356 3767 aut
1378 3704 1502 3787 deposi-

290 3814 339 3872 tos
361 3814 521 3892 putemus,
543 3807 631 3894 (nam
652 3806 793 3892 profecto
816 3805 1078 3872 bibliothecarum
1101 3806 1237 3889 catalogi
1259 3807 1292 3870 in
1312 3806 1419 3890 lapide
1439 3827 1502 3871 non

291 3911 519 3997 caedebantur)
550 3911 752 3976 adcuratiora
775 3916 882 3974 autem
904 3911 1027 3975 nescire
1050 3910 1203 3993 cogimur,
1235 3929 1273 3974 eo
1296 3909 1501 3991 adquiescen-

291 4015 365 4078 dum
395 4021 457 4098 est,
490 4015 647 4098 interponi
677 4014 864 4078 donatorum
891 4051 934 4060 -
962 4013 1099 4096 exempli
1128 4031 1232 4077 causa¹
1251 4012 1311 4077 hoc
1337 4033 1436 4096 pono,
1460 4049 1502 4060 -

290 4119 435 4202 nomina,
472 4117 626 4184 donorum
653 4118 805 4184 recensui.
857 4135 936 4182 sane
965 4122 1093 4199 praeter
1119 4115 1199 4180 haec
1234 4117 1382 4198 exempla
1416 4117 1504 4180 nulla

291 4221 409 4304 habco,
442 4227 476 4285 at
505 4221 588 4286 hanc
614 4228 736 4286 tanturn
764 4219 976 4303 inscriptionis
1006 4225 1129 4302 partem
1155 4219 1315 4300 intellego.
1365 4217 1399 4282 id
1427 4238 1504 4283 vero
1535 4303 1541 4310 ν

292 4329 411 4388 certum
441 4324 568 4389 videtur
598 4325 740 4408 singulos
762 4329 864 4388 tomos
886 4321 1070 4414 Peliadibus
1099 4327 1131 4386 et
1158 4321 1270 4386 incerti
1292 4321 1426 4385 nominis
1448 4321 1504 4386 illa

292 4445 374 4510 quae
398 4433 471 4492 ante
492 4428 659 4511 Aphidnas
681 4425 842 4493 intercidit
864 4422 1030 4510 tragoedia
1051 4424 1142 4494 finiri.
