3666 5296
836 419 887 474 III.
906 421 931 475 1.
1441 423 1493 478 191

251 613 253 617 ·
367 589 529 675 Abruptus
551 611 654 656 sermo
682 597 714 656 et
735 591 901 660 Phaedrae
932 595 1029 660 amati
1057 596 1181 661 iuvenis
1210 597 1336 662 nomine
1359 617 1493 683 expave-

282 695 382 760 scenti
409 701 441 760 et
466 694 601 761 Medeae
628 696 753 762 Theseo
780 698 876 763 Peleo
898 699 1005 764 fatalis
1026 700 1128 764 nuntii
1150 701 1315 766 atrocitate
1341 703 1496 787 perculsis

280 799 410 882 egregie
432 800 593 882 convenit;
624 795 748 887 εὔφημα
772 798 870 887 φώνει
895 810 961 869 tam
982 804 1122 870 breviter
1146 804 1265 869 dictum
1280 806 1431 871 sollemne
1447 811 1495 872 est

282 901 589 988 (811111111591.
620 905 693 969 llur.
713 905 806 970 Herc.
832 907 1015 994 1184111).
1050 907 1157 974 donec'
1165 908 1335 993 Euripides
1356 910 1397 973 ab
1417 910 1494 974 anti-
1536 989 1538 996 Ι

280 1007 361 1072 labis
394 1008 567 1074 abstineret
600 1009 678 1073 certi
705 1008 855 1091 quiddam
881 1011 970 1078 laesa
996 1013 1107 1096 regula
1135 1013 1270 1098 exprimi
1294 1016 1495 1098 'spectatores

281 1111 380 1178 latere
408 1133 471 1176 non
501 1119 634 1197 poterat.
679 1120 847 1198 postquam
876 1116 973 1198 igitur
999 1116 1072 1182 illas
1094 1116 1222 1182 admisit
1243 1118 1296 1182 111
1316 1117 1442 1203 parcior
1462 1118 1495 1182 in

282 1214 343 1280 hoc
377 1215 573 1282 admittendo
606 1223 663 1282 est.
719 1218 816 1284 habet
848 1226 954 1285 tamen
988 1221 1035 1286 eis
1070 1241 1152 1304 quac
1189 1221 1284 1288 modo
1324 1221 1495 1288 adtulimus

282 1319 375 1406 paria
396 1320 492 1386 haec:

324 1424 445 1490 Hecub.
471 1433 564 1490 1127.
596 1425 797 1511 Polymestor
815 1435 962 1494 caecatus
985 1429 1134 1496 mulieres
1156 1430 1329 1496 insectatur

591 1535 666 1594 ΑΓ.
690 1519 792 1612 οὗτος,
809 1527 842 1595 τί
858 1529 1012 1613 πάσχεις,·
1035 1535 1150 1600 ΠΟΛ.
1168 1531 1251 1619 πρὸς
1266 1539 1354 1599 θεῶν
1371 1557 1408 1600 σε
1423 1530 1494 1600 λίσ·

1198 1661 1298 1720 σομαι
1318 1663 1345 1703 κ.
1361 1663 1388 1703 τ.
1404 1634 1430 1704 ἑ.

346 1738 456 1824 Suppl.
503 1745 566 1806 513
589 1740 669 1803 ΛΔ.
693 1731 720 1802 ὦ
734 1737 945 1822 παγκάκιστε.
973 1741 1045 1804 ΘΗ.
1061 1742 1122 1824 σῖγ’
1138 1740 1297 1828 ’Ἄδραστ’
1313 1738 1365 1824 ἔχε
1380 1737 1495 1826 στόμα.

346 1843 456 1908 Η1111.
483 1848 576 1908 1514.
606 1843 755 1909 Adcurrit
775 1846 901 1910 nuntius

596 1950 727 2013 ΘΕΟΚ.
750 1946 833 2014 τίδ’
856 1945 964 2030 ἔστιν,
1001 1955 1062 2014 ΑΙ
1066 1954 1105 2014 Τ.
1133 1945 1232 2037 ἄλλης
1256 1947 1388 2018 ἐκπόνει
1417 1977 1495 2040 μνη·

1197 2053 1358 2137 στεύματα
1386 2053 1496 2125 aaa

289 2155 358 2242 Iph.
374 2157 469 2222 Taur.
494 2163 555 2220 780
582 2157 644 2221 ΟΡ.
668 2149 693 2220 ὦ
717 2153 800 2222 dcci.
830 2163 887 2220 lc.
910 2153 943 2221 τί
964 2155 1039 2234 τοὺς
1060 2157 1160 2235 θεοὺς
1182 2153 1351 2236 ἀνακαλεῖς
1373 2158 1406 2224 ἒν
1425 2165 1495 2239 τοῖς

1197 2258 1294 2344 ἐμοῖς.

283 2371 407 2431 ceterae
430 2366 615 2450 tragoediae
634 2387 674 2430 ne
697 2386 792 2460 unum
814 2366 941 2448 quidem
962 2367 1177 2452 praebuerunt
1198 2367 1391 2452 exemplum,
1420 2390 1494 2433 nam

282 2471 527 2537 Phoenissamm
556 2465 784 2550 tequemio,
817 2477 927 2555 utpote
956 2471 1125 2554 canticum,
1160 2470 1221 2536 huc
1253 2492 1317 2536 111
1348 2472 1436 2555 facit,
1464 2479 1495 2538 et

281 2576 329 2640 El.
354 2583 415 2640 692
439 2575 493 2640 uhi
514 2574 671 2640 Victorius
702 2575 765 2640 tale
791 2574 866 2657 quid
890 2575 980 2640 finxit
1003 2595 1100 2661 supra
1122 2575 1257 2640 evanuit.
1302 2582 1494 2642 nontamen

282 2701 408 2764 semper
430 2679 629 2764 Sophocleae
646 2679 767 2744 levitati
790 2679 905 2744 restitit
926 2677 1105 2764 Euripides.
1142 2699 1278 2761 namque
1299 2685 1330 2744 et
1354 2678 1494 2765 Orestes,

282 2806 376 2868 quam
390 2785 533 2849 ultimam
548 2783 681 2848 Athenis
696 2783 816 2868 docuit,
842 2784 1041 2868 conpluriens
1057 2783 1200 2867 regulam
1214 2783 1312 2848 violat
1327 2789 1409 2848 1345
1426 2803 1494 2866 sqq.

284 2897 382 2973 1689,
414 2889 460 2954 ita
491 2895 591 2954 utne
619 2887 782 2953 arioland'o
811 2887 938 2970 quidem
963 2887 1097 2952 inveniri
1128 2887 1229 2972 possit
1256 2887 1432 2971 excusatio,
1462 2894 1494 2952 11

282 2993 427 3060 Bacchae
451 2999 512 3057 189
545 3013 641 3057 unum
666 2998 787 3057 tantum
814 2998 847 3056 at
873 2993 968 3076 plane
991 2991 1151 3075 singulare
1174 2991 1353 3076 exemplum
1374 2992 1492 3074 longio-

282 3099 325 3164 ris
354 3098 505 3164 crationis
537 3097 570 3162 in
603 3104 747 3161 truncum
776 3116 903 3162 versum
931 3095 1113 3162 desinentis.
1159 3115 1351 3178 quamquam
1378 3095 1439 3162 hoc
1459 3101 1493 3161 ut

282 3201 411 3268 credam
431 3221 528 3286 aegre
550 3200 704 3284 adducor3
728 3200 900 3266 adtrectari
921 3206 1027 3265 tamen
1046 3200 1134 3265 locus
1156 3200 1242 3264 nullo
1264 3199 1360 3266 modo
1379 3207 1492 3285 potest.

282 3308 314 3372 in
340 3307 508 3391 Iphigenia
535 3305 701 3371 Aulidcnsi
734 3306 761 3372 si
793 3325 890 3370 unum
923 3311 978 3370 aut
1005 3305 1140 3370 alterum
1167 3310 1346 3370 occurreret
1375 3310 1493 3370 certum

283 3411 463 3494 ceteroquin
496 3411 688 3495 exemplum,
725 3409 797 3474 miri
828 3409 908 3474 nihil
940 3409 1085 3491 haberet,
1123 3414 1155 3473 et
1190 3407 1341 3474 calidiore
1376 3408 1493 3474 iudicio

284 3535 381 3600 supra
402 3535 449 3580 vs.
476 3520 559 3578 1138
582 3515 643 3579 hac
665 3535 763 3579 causa
783 3514 853 3579 sola
878 3512 1082 3578 condemnari
1101 3511 1176 3576 dixi.
1214 3518 1321 3578 tamen
1342 3519 1494 3594 quotquot

284 3626 392 3686 extant
422 3625 550 3704 praeter
580 3618 737 3684 antilabas
767 3618 913 3702 exempla
932 3624 987 3682 aut
1009 3622 1119 3702 aperte
1141 3616 1258 3701 spuriis
1287 3616 1320 3680 in
1349 3616 1493 3682 versibus

283 3730 355 3790 sunt
375 3731 410 3790 ut
432 3729 494 3790 415
519 3729 551 3788 11
575 3729 657 3786 1537
681 3729 736 3787 aut
758 3721 855 3787 dubia
877 3727 977 3805 certe;
1004 3741 1078 3786 nam
1102 3726 1163 3786 739
1187 3720 1283 3786 scribi
1302 3720 1383 3786 solet

412 3832 487 3895 ΑΓ.
511 3829 626 3891 πιθοῦ.
659 3827 740 3890 ΚΛ.
763 3823 809 3907 μὰ
831 3823 887 3911 τὴν
910 3819 1056 3889 ἄνασσαν
1067 3815 1214 3910 Ἀργείαν
1235 3817 1330 3904 θεάν,

511 3928 620 3996 ἐλθών
643 3926 682 3994 σὺ
699 3923 786 4008 τᾶξω
808 3934 952 4014 πρᾶσσε,
977 3924 1036 3992 adiu
1058 3926 1171 4010 δόμοις
1193 3928 1220 3992 d’
1244 3920 1314 4011 ἐγώ.

284 4043 315 4104 11
336 4037 447 4104 scholii
476 4037 576 4102 instar
602 4039 632 4098 Φ
660 4055 757 4119 supra
782 4031 828 4116 μα’
857 4032 893 4099 οὐ
924 4033 1038 4118 posuit.
1084 4032 1142 4098 sed
1172 4031 1285 4116 tragici
1306 4034 1411 4116 legem
1432 4054 1494 4100 111

282 4148 408 4226 norunt,
432 4159 495 4224 que
515 4136 561 4222 μά
583 4137 762 4206 detestandi
783 4138 941 4223 particula
955 4137 1085 4221 dicitur,
1107 4157 1210 4218 neque
1224 4137 1494 4220 Agamemnonem

283 4267 354 4314 cum
392 4246 678 4330 Clytaemnestram
716 4243 889 4309 obtestetur
929 4261 987 4325 per
1024 4241 1176 4306 Iunonem
1212 4240 1318 4305 iurare
1350 4238 1492 4305 dedecet.

283 4349 480 4418 restituenda
499 4349 597 4433 igitur
619 4346 843 4433 stichomythia
865 4345 999 4412 videtur.

372 4454 555 4539 Systemata
576 4452 780 4537 anapaestioa
800 4450 911 4536 paucis
933 4449 1098 4516 absolvere
1120 4449 1202 4514 licet.
1255 4467 1387 4531 quorum
1407 4447 1493 4533 apud

211 4644 214 4652 Ι
283 4557 478 4644 Aeschylum
501 4556 529 4623 is
551 4575 627 4622 usus
648 4561 710 4644 est,
731 4562 766 4622 ut
788 4562 930 4643 systema
951 4574 1014 4620 111
1035 4553 1288 4639 interrumpatur.
1324 4551 1380 4618 uhi
1393 4552 1494 4618 altera
1581 4589 1582 4592 =
