3666 5296
932 399 969 457 Π.
988 401 1013 454 6.

587 569 646 662 ἤδη
665 571 726 660 γάρ
748 563 834 638 εἶδον
853 566 955 659 άνδρα
977 565 1122 656 γενναίου
1143 566 1269 654 πατρὸς

479 686 543 746 370
586 675 624 744 τδ
646 675 743 766 μηδὲν
764 670 856 756 ὄντα,
877 673 998 764 χρηστά
1018 675 1046 740 δ’
1069 671 1106 740 ἐκ
1128 676 1235 739 κακῶν
1257 668 1361 753 τέκνα,

585 775 679 866 λιμόν
701 782 729 847 τ’
753 778 786 847 ἓν
807 772 924 866 ἀνδρὸς
943 775 1102 845 πλουσίου
1125 772 1315 866 φρονήματι,

479 895 541 952 372
586 883 711 972 γνώμην
734 883 771 950 δὲ
792 879 929 972 μεγάλην
951 882 984 949 ἐν
1006 882 1120 972 πένητι
1142 879 1278 966 σώματι.

372 1015 375 1018 ·
478 997 542 1055 360
586 979 679 1068 οὗτος
699 987 760 1075 γάρ
782 983 859 1077 ἁνὴρ
881 985 947 1053 οὔτ’
966 985 1001 1053 ἐν
1025 982 1191 1073 Ἀργείαις
1211 984 1312 1070 μέγας

586 1087 649 1160 οὔτ’
674 1085 714 1158 αδ
734 1091 863 1182 δοκήσει
885 1089 1042 1176 δωμάτων
1066 1087 1277 1176 ὠγκωμένος,

584 1192 618 1263 ἓν
640 1201 711 1275 τοῖς
732 1196 769 1262 δὲ
791 1197 927 1275 πολλοῖς
948 1191 1006 1275 dv,
1029 1191 1161 1282 δίριστος
1181 1191 1312 1282 ηὑρέθη.

586 1298 622 1368 οὐ
638 1301 682 1390 μὴ
706 1300 881 1390 φρονησεθ’
904 1300 937 1366 οἱ
958 1303 1053 1366 κενῶν
1074 1292 1284 1382 δοξασμάτων
1296 1295 1323 1384 ⁹)

541 1448 543 1456 =
585 1401 720 1494 πλήρεις
741 1407 931 1487 πλανᾶσθε,
955 1411 994 1493 τῇ
1015 1405 1043 1469 δ’
1068 1399 1178 1490 ὁμιλίᾳ
1199 1399 1336 1486 βροτοὺς

477 1515 539 1578 385
584 1514 719 1596 κρινεῖτε
741 1507 797 1575 καὶ
819 1513 890 1588 τοῖς
911 1504 1028 1598 ἤθεσιν
1049 1506 1124 1584 τοὺς
1143 1503 1281 1590 εὐγενεῖς
1287 1533 1297 1585 ,·

477 1622 537 1680 391
584 1605 669 1697 ἄλλ’,
692 1609 782 1694 άξιος
803 1613 862 1701 γάρ
881 1611 899 1681 ὅ
920 1637 956 1678 τε
978 1611 1091 1700 παρών
1111 1607 1132 1678 δ’
1152 1611 1180 1675 τ’
1203 1609 1240 1675 οδ
1263 1605 1376 1692 παρῶν

583 1715 824 1802 Ἀγαμέμνονος
847 1721 941 1801 παῖς,
965 1707 1067 1803 οὗπερ
1090 1712 1189 1781 οὕνεκ’
1225 1709 1378 1802 ἤλθομεν,

584 1819 742 1906 δεξαίμεθ’
765 1817 863 1889 οἴκων
885 1820 1076 1899 καταλύσεις
1095 1815 1159 1885 aad.

366 1943 447 2010 haec
480 1949 528 2010 est
558 1946 696 2028 genuina
727 1952 760 2011 et
786 1945 906 2031 optima
932 1943 1066 2011 Orestae
1095 1942 1210 2027 oratio,
1249 1959 1330 2024 quae
1363 1959 1404 2005 ne
1442 1937 1576 2004 verbum

367 2047 495 2131 quidem
517 2048 593 2114 addi
614 2051 741 2134 patitur.

453 2152 596 2219 Altemm
626 2154 887 2240 fragmentorum,
922 2153 997 2220 dum
1031 2173 1090 2239 per
1123 2172 1158 2218 se
1194 2155 1388 2236 spectantur,
1422 2145 1575 2232 Euripide

366 2255 622 2341 dignissimorum
642 2259 704 2325 hoc
724 2266 780 2325 est.

587 2375 618 2445 oi
635 2379 694 2467 γὰρ
717 2381 861 2446 τοιοῦτοι
882 2379 941 2458 τάς
963 2377 1077 2457 πόλεις
1099 2374 1242 2445 οἰκοῦσιν
1265 2367 1298 2441 εδ

584 2482 640 2549 καὶ
662 2481 804 2568 δώμαθ’,
827 2479 861 2549 αἱ
881 2482 918 2549 δὲ
936 2481 1050 2571 σάρκες
1071 2477 1105 2547 αἱ
1124 2480 1211 2548 κεναὶ
1234 2481 1356 2568 φρενῶν

581 2581 736 2673 ἀγάλματ’
757 2579 878 2674 ἀγορᾶς
898 2583 996 2653 εἰσίν·
1027 2578 1102 2652 oddo*
1121 2585 1181 2671 γὰρ
1203 2583 1280 2672 δόρυ

581 2691 704 2776 μᾶλλον
726 2688 867 2779 βρυχίου
892 2689 1053 2777 σθεναρὸς
1073 2686 1236 2768 ἀσθενοῦς
1256 2685 1355 2774 μένει,

474 2803 538 2862 390
582 2793 615 2860 ἐν
637 2800 675 2884 τῇ
697 2795 793 2884 φύσει
814 2793 850 2861 δὲ
870 2802 966 2862 τοῦτο
988 2791 1047 2860 κάν
1069 2789 1206 2882 εὐψυχίᾳ

364 2937 446 2984 nuuc
468 2918 578 3002 quales
600 2918 646 2982 illi
667 2921 809 2984 τοιοῦτοι
832 2919 909 3004 sint,
931 2918 1037 2983 statim
1055 2917 1261 3000 intellegitur,
1281 2913 1424 2982 homines
1447 2913 1572 2996 elegan-

364 3023 437 3087 tiori
468 3023 553 3087 vitae
580 3023 675 3086 cultui
701 3021 813 3108 dediti,
846 3041 978 3105 qnorum
1004 3023 1109 3087 lautae
1136 3020 1323 3105 sapientiae,
1357 3038 1452 3101 quam
1481 3017 1573 3102 plebs

363 3126 491 3191 mollem
517 3133 549 3191 et
574 3126 768 3192 luxuriosam
791 3133 899 3211 vocat,
930 3127 978 3192 vis
1006 3126 1116 3191 consili
1142 3145 1257 3210 expers
1283 3123 1459 3208 opponitur.
1509 3143 1573 3188 non

364 3249 444 3314 opus
466 3236 527 3314 est,
549 3231 636 3295 utin
657 3231 828 3314 legentium
851 3231 972 3296 animos
994 3229 1230 3296 celeberrimam
1242 3228 1400 3312 Antiopae
1424 3246 1572 3292 scaenam

363 3353 523 3418 revocem,
544 3334 599 3400 ubi
617 3333 714 3400 etiam
735 3335 936 3401 brachiomm
954 3334 1101 3400 mollities
1121 3339 1314 3398 memoratur
1335 3331 1423 3418 (199,
1440 3336 1527 3404 200).

450 3438 560 3504 Altera
593 3437 729 3522 denique
760 3459 909 3506 versuum
942 3439 1041 3504 series
1075 3437 1182 3504 nescio
1208 3457 1301 3520 quem
1327 3433 1446 3522 (potest
1477 3435 1572 3500 etiam

362 3541 479 3607 femina
500 3541 586 3630 esse)
606 3541 726 3609 inducit
745 3545 926 3628 loquentem

579 3667 653 3741 πῶς
672 3657 725 3728 cdv
745 3687 795 3742 τις
816 3660 899 3730 αὐτὰ
919 3660 1080 3746 διαλαβών
1103 3657 1215 3746 ὀρθῶς
1236 3663 1353 3747 κρινεῖς

580 3765 727 3854 πλοίτιμς
757 3773 885 3856 πονηρῷ
908 3763 991 3854 κάρα
1009 3761 1162 3854 χρήσεται
1184 3769 1288 3854 κριτῇ·

536 3880 546 3890 ‘
579 3866 684 3960 ἢτοῖς
703 3868 809 3953 {ponor
828 3870 942 3960 μηδίνς
971 3862 1039 3937 ἀλλ’
1061 3867 1124 3952 ἐγω
1146 3864 1242 3937 νόσον

579 3972 693 4057 πενία,
718 3971 864 4042 διδάσκει
887 3976 915 4041 δ’
939 3971 1038 4062 άνδρα
1060 3979 1101 4062 τῇ
1121 3970 1211 4060 χρείη
1230 3970 1322 4038 κακά.
1336 3973 1378 4061 ¹⁰)

448 4197 476 4265 9)
498 4195 568 4251 Dedi
590 4194 688 4250 codicis
708 4195 851 4252 lectionem
873 4197 994 4267 quamvis
1018 4201 1181 4268 corruptam,
1205 4215 1267 4254 narn
1291 4198 1410 4254 medelae
1432 4197 1499 4252 milri
1516 4214 1571 4252 non

365 4282 433 4337 satis
449 4282 560 4336 faciunt.

447 4369 493 4438 10)
520 4368 622 4438 Scripsi
652 4366 722 4422 κακά
729 4391 738 4434 ,·
768 4368 857 4423 κακόν
884 4370 915 4425 C.
958 4372 1104 4442 requiritur
1132 4373 1203 4427 enim
1231 4371 1365 4427 sententia
1393 4370 1571 4442 „paupertati

359 4454 457 4509 'vitium
474 4454 558 4519 inest,
577 4454 647 4524 quod
665 4454 801 4510 hominem
818 4458 890 4512 mala
908 4457 998 4526 docet,
1018 4459 1052 4512 ad
1070 4461 1140 4514 male
1158 4459 1231 4514 faeta
1243 4459 1372 4528 pellicit.“
1402 4459 1471 4512 illud
1484 4459 1570 4528 signi-

361 4539 437 4610 ficat,
458 4542 502 4594 vel
520 4542 621 4596 malurn
643 4541 778 4614 hominem
800 4549 945 4614 paupertas
969 4546 1076 4601 doctum
1102 4546 1200 4601 reddit.
1236 4547 1331 4618 nequis
1349 4546 1416 4602 milri
1436 4550 1570 4618 choortat,
