3666 5296
387 413 447 469 1⁷8*
953 413 989 466 Π.
1007 414 1033 467 4.

386 586 471 652 ricae
494 585 661 653 inlecebris
684 584 827 652 conditas
849 585 1014 669 proposuit
1036 623 1078 632 -
1100 605 1159 652 nec
1179 584 1352 668 quidquam
1366 585 1512 670 profecit,
1534 586 1603 652 nisi

385 689 471 772 quod
494 689 535 756 de
567 709 602 758 se
630 690 701 774 ipso
733 709 768 755 se
799 689 972 755 descivisse
1000 688 1108 755 doluit.
1153 694 1322 774 postquam
1353 709 1443 756 suam
1465 709 1595 755 eausam

385 813 444 878 per
464 794 674 880 Amphionem
697 794 817 878 oravit,
844 793 1012 859 omnibus
1034 792 1298 859 inludentibus
1320 795 1354 858 in
1376 793 1594 860 Macedoniam

384 897 543 983 profectus
566 905 623 965 est.
669 904 763 979 atque
786 896 903 962 blande
926 897 956 963 ei
978 898 1048 963 risit
1070 897 1124 962 diu
1146 897 1285 962 mendax
1305 897 1444 963 fortuna:
1477 919 1498 964 a
1517 918 1594 982 rege

384 1002 506 1068 crudito
540 1003 670 1068 comiter
701 1008 869 1086 exceptus,
909 1001 1047 1066 amicitia
1077 1001 1254 1084 Agathonis
1287 1001 1445 1068 delenitus
1479 1017 1593 1068 canere

380 1107 483 1190 potuit
504 1098 664 1186 εὐδαίμων
685 1103 745 1186 μὲν
768 1098 804 1182 ὃς
827 1103 863 1170 ἐκ
880 1100 1053 1182 θαλάσσας
1073 1100 1170 1192 ἔφυγε
1189 1108 1287 1188 χεῖμα
1302 1103 1416 1188 λιμένα
1430 1107 1458 1170 τ’
1478 1101 1592 1187 ἔκιχεν.

381 1215 414 1276 et
435 1216 506 1276 rata
525 1209 606 1276 vidit
627 1230 711 1294 quac
733 1210 844 1294 viginti
867 1210 957 1276 annis
980 1215 1053 1276 ante
1075 1209 1234 1294 pollicitus
1257 1216 1327 1275 erat

688 1305 744 1379 οὗ
765 1309 936 1396 παύσομαι
957 1311 1016 1390 τὰς
1038 1311 1188 1397 Χάριτας

706 1411 859 1495 Μούσαις
879 1412 1139 1502 συγκαταμιγνύς,

705 1517 843 1588 ἁδίσταν
866 1518 1021 1606 συζυγίαν.

705 1625 748 1712 μὴ
772 1621 852 1714 ζώην
873 1627 942 1708 μετ’
963 1620 1130 1708 ἀμουσίας,

706 1721 758 1794 det
781 1730 809 1794 δ’
830 1727 864 1795 ἒν
887 1727 1094 1816 στεφάνοισιν
1114 1723 1199 1815 εἴην·

708 1829 758 1899 ἔτι
777 1857 829 1898 σοι
851 1831 951 1920 γέρων
974 1833 1089 1910 ἀοιδὸς

706 1938 835 2004 κελαδεῖ
855 1935 1084 2020 Μναμοσύναν.

379 2041 514 2108 Bacchis
543 2041 667 2126 primae
692 2043 806 2108 aetatis
834 2041 959 2108 tabulas
989 2041 1224 2127 aequiparavit,
1251 2041 1314 2108 nisi
1335 2041 1422 2124 quod
1446 2061 1590 2108 numero·

379 2165 448 2212 rum
480 2147 594 2213 levitas
626 2147 659 2212 in
690 2147 804 2213 iambis
834 2153 866 2213 et
889 2146 1047 2212 trochaeis
1077 2145 1223 2230 offendit3
1252 2145 1382 2212 Alcmeo
1409 2145 1590 2212 Corinthius

377 2251 572 2318 humanitate
593 2259 626 2318 ct
647 2252 810 2318 nobilitate
833 2233 1058 2335 cogitationum
1076 2257 1108 2316 et
1133 2270 1254 2316 morum
1277 2249 1320 2314 ad
1340 2249 1536 2317 Alcestidem
1558 2255 1591 2316 et

329 2378 332 2430 r
377 2357 496 2442 Diotyn
525 2356 648 2423 accedit
674 2395 715 2403 —
745 2355 913 2442 Iphigenia
941 2353 1140 2440 Aulidchsis,
1174 2355 1202 2420 si
1230 2354 1320 2420 finita
1348 2362 1447 2440 esset,
1480 2355 1590 2420 Ionem

331 2448 334 2504 l
378 2461 482 2546 copia,
505 2461 668 2528 Hecubam
689 2461 828 2528 moribus
849 2461 987 2526 vicisset.

273 2648 275 2654 .
463 2564 506 2630 At
522 2571 630 2632 votum
646 2565 726 2631 illud
747 2565 824 2631 felix
845 2564 1046 2648 faustumque
1068 2583 1172 2630 nonne
1194 2563 1386 2643 exiliercule
1401 2562 1589 2648 sumpsisti?

377 2670 537 2736 omisimus
566 2671 713 2736 nimirum
739 2669 919 2752 quindecim
941 2689 1057 2753 annos,
1081 2671 1279 2752 cao-416,
1307 2668 1468 2734 omisimus
1492 2667 1588 2732 ctiam

376 2773 501 2840 fabulas
522 2773 644 2840 Atticas
678 2781 710 2840 et
742 2774 909 2841 historiens
937 2781 972 2838 ut
999 2774 1046 2838 ita
1075 2773 1179 2838 dicam
1200 2773 1221 2836 i.
1239 2792 1266 2838 e.
1297 2777 1435 2838 aetatem
1456 2771 1588 2838 heroum

377 2879 431 2960 qni
456 2883 530 2944 ante
552 2877 681 2944 Troiam
705 2883 925 2963 pugnaverant
950 2876 1157 2961 excedentes;
1190 2876 1250 2942 hoc
1271 2877 1405 2942 altemm
1427 2875 1587 2958 discimus,

376 2982 489 3047 summi
510 2981 590 3047 illud
612 3001 736 3065 quoque
758 2983 922 3066 momenti,
944 2983 1028 3047 intra
1049 2981 1109 3047 hos
1131 2981 1282 3046 terminos
1296 2978 1419 3045 Atticas
1442 2985 1474 3044 et
1488 2978 1584 3044 histo·

376 3086 458 3150 rioas
480 3085 663 3169 tragoedias
685 3084 826 3172 (praeter
847 3084 1051 3172 Archelaum)
1074 3083 1189 3151 cadere
1212 3104 1335 3168 omnen,
1362 3103 1496 3166 quarum
1518 3083 1584 3165 qui-

375 3188 449 3254 dem
480 3195 570 3256 aetas
601 3195 677 3255 nota
706 3189 760 3272 sit3
794 3189 1003 3274 Hippolytum
1031 3188 1073 3276 (si
1099 3187 1182 3254 hane
1207 3189 1289 3254 bene
1319 3186 1381 3256 huc
1403 3187 1586 3268 referimus5

375 3292 568 3378 Hippolytus
593 3293 677 3360 enim
699 3295 823 3360 velatus
844 3293 966 3378 primae
990 3293 1104 3359 aetatis
1128 3298 1193 3376 est,
1217 3293 1318 3358 altera
1345 3290 1441 3358 editio
1462 3311 1483 3356 a
1505 3295 1585 3356 cete-

377 3397 474 3464 risco
497 3396 638 3482 diversa,
662 3397 747 3480 quod
770 3418 791 3462 a
811 3418 846 3463 re
868 3398 995 3483 publica
1017 3395 1247 3463 introducenda
1261 3396 1367 3462 aliena
1381 3395 1461 3480 est,)
1484 3395 1584 3460 Hera-

376 3499 477 3567 clidas
508 3501 737 3588 Cresphontem
758 3501 969 3568 Erechtheum
996 3501 1164 3586 Supplices
1196 3501 1313 3566 Ionem.
1358 3506 1453 3582 atque
1476 3498 1586 3566 exeis

375 3625 458 3688 quae
491 3613 659 3691 praeterea
689 3606 750 3672 huo
777 3605 956 3672 referuntur
978 3597 1027 3672 err.
1047 3626 1095 3692 gr.
1121 3604 1345 3670 Andromacha
1376 3624 1414 3670 eo
1442 3603 1485 3669 ad
1512 3603 1584 3668 illas

374 3729 473 3794 propo
496 3710 632 3795 accedit,
665 3711 750 3793 quod
779 3717 865 3776 certo
889 3711 1019 3777 oonsilio
1046 3709 1165 3794 scripta
1195 3715 1258 3793 est,
1294 3729 1357 3774 non
1379 3707 1503 3792 poetico
1529 3706 1585 3770 illo

374 3820 429 3880 aut
454 3814 687 3900 philosophico,
721 3814 779 3882 scd
803 3822 838 3880 ut
863 3816 895 3880 in
917 3815 1045 3900 Argivis
1075 3814 1151 3880 odia
1172 3820 1282 3879 contra
1303 3811 1479 3897 Spartanos
1502 3810 1584 3876 exci-

373 3924 463 3985 taret
501 3920 641 4002 reliquae
664 3921 769 4004 potius
792 3919 835 3984 ad
857 3920 979 4005 primae
1001 3939 1096 4002 quam
1116 3918 1159 3984 ad
1181 3919 1294 3984 tertiae
1316 3917 1431 3984 aetatis
1446 3916 1585 3982 rationes

373 4023 556 4108 conpositae
579 4029 659 4089 sunt.

460 4125 550 4205 Quae
577 4147 647 4193 eum
675 4127 721 4194 ita
748 4128 827 4213 sint,
858 4127 899 4194 de
926 4127 1012 4193 vitae
1037 4133 1069 4192 et
1088 4127 1196 4212 poesis
1217 4124 1409 4211 Euripidcae
1431 4123 1584 4208 gradibus

372 4237 405 4297 et
433 4231 634 4316 processibus
666 4232 733 4298 sine
764 4231 995 4297 allucinationis
1018 4237 1073 4296 aut
1094 4231 1233 4316 ineptiae
1258 4230 1386 4296 crimine
1406 4229 1487 4294 haec
1509 4247 1583 4316 quo-

372 4355 433 4420 que
467 4335 549 4401 inter
579 4337 745 4421 explorata
776 4335 895 4402 referre
927 4335 1010 4402 licet.
1065 4341 1235 4421 postquam
1267 4332 1442 4418 tragoediis
1473 4332 1584 4415 quales

336 4429 344 4444 '
371 4439 474 4523 prima
512 4446 617 4506 aetate
656 4441 821 4526 conposuit
859 4441 990 4525 plausus
1016 4439 1255 4506 Atheniensium
1285 4458 1401 4523 parare
1432 4436 1493 4502 sibi
1521 4455 1584 4500 non

370 4543 485 4628 potuit,
513 4549 598 4610 recte
623 4545 793 4610 arbitratus
824 4565 942 4626 magna
972 4565 1012 4609 ex
1039 4550 1131 4628 parte
1153 4543 1324 4614 infaustum
1347 4559 1528 4608 succesum
1549 4539 1583 4606 in

1278 4692 1304 4728 t&
