3666 5296
867 385 919 444 111.
938 385 965 442 2.
1469 378 1521 434 199

308 551 405 620 duum
430 554 570 621 virorum
596 577 782 641 magnorum
810 561 954 644 exemplo
978 579 1048 624 cum
1071 559 1221 640 aequales
1242 554 1433 640 pependisse
1455 560 1522 618 turn

309 677 364 722 eos
390 658 445 740 qui
470 661 614 743 proxime
637 669 860 746 sequerentur,¹
884 662 1096 748 (Agathonem
1120 661 1252 728 Oritiam
1274 659 1522 726 Chaeremonem

309 761 476 826 Carnicum
487 763 512 850 ¹)
533 763 618 840 dico;
646 765 686 831 de
710 767 822 833 ceteris
845 787 959 852 parum
982 767 1118 853 constat)
1138 773 1171 830 at
1184 766 1283 832 fuisse
1298 771 1436 846 tempus,
1459 782 1521 844 quo

308 865 518 933 Athenienses
545 867 717 936 diffluentis
739 872 877 937 levitatis
904 870 1061 952 taederet;
1095 869 1228 936 rediisse
1248 869 1345 952 igitur
1372 873 1523 948 quantum

308 979 439 1054 possent
460 971 503 1036 ad
525 974 704 1056 antiquiora
726 977 883 1060 exempla3
904 983 1000 1058 atque
1017 974 1172 1059 suspicari
1186 975 1272 1055 licet,
1295 972 1356 1038 hac
1371 990 1410 1036 ex
1425 990 1523 1034 causa

309 1073 510 1142 Theodectac
535 1077 669 1160 gloriam
694 1099 757 1144 non
781 1080 943 1146 minimam
970 1098 1186 1165 promanasse.
1236 1077 1324 1142 cuius
1355 1073 1523 1142 severioris

308 1177 419 1244 Musae
442 1199 538 1246 unum
557 1188 685 1265 poetam
706 1183 885 1251 inlustravit
903 1184 1082 1250 Meinekius
1097 1181 1325 1264 Moschioncm,
1347 1197 1417 1244 curn
1430 1177 1522 1244 doce·

308 1287 357 1347 ret
390 1303 461 1348 eum
488 1284 529 1348 ab
556 1286 641 1350 omni
668 1285 751 1370 pede
775 1288 941 1372 trisyllabo
968 1289 1001 1354 iu
1027 1286 1161 1354 senariis
1188 1285 1325 1366 cavissc;
1355 1279 1524 1348 mediocris

308 1385 426 1470 ingenii
462 1387 545 1454 fctus
582 1396 615 1454 at
650 1391 805 1456 consimili
838 1392 1020 1458 subtilitatis
1054 1411 1161 1456 amore
1194 1386 1406 1454 commendati
1437 1391 1542 1468 extat,

307 1489 445 1575 Rhesus,
474 1494 600 1568 saeculo
628 1501 739 1576 quarto
769 1502 903 1562 exeunte
927 1494 1131 1573 hauddubie
1155 1493 1289 1559 Athenis
1312 1491 1437 1574 scripta.
1483 1487 1524 1556 de

308 1596 494 1678 posterioris
521 1597 635 1663 aetatis
663 1599 793 1683 tragicis
821 1599 906 1683 quod
934 1600 1060 1666 omnino
1089 1598 1168 1664 nihil
1194 1597 1324 1680 scimus,
1355 1595 1468 1679 ingens
1491 1599 1524 1658 at

307 1699 519 1784 inreparabile
541 1700 711 1768 damnum.-

901 1939 929 1996 2.

397 2063 448 2127 Im
486 2065 691 2147 ollpemeincn
727 2069 815 2132 kann
848 2089 879 2134 es
913 2069 962 2135 uls
995 2072 1065 2133 elne
1098 2069 1194 2152 Repol
1227 2070 1280 2134 des
1311 2066 1524 2151 palechischcn

310 2166 453 2233 Dromos
483 2169 601 2253 petrea,
636 2173 712 2236 doss
742 2171 817 2236 iiber
847 2173 908 2236 dan
940 2173 1068 2237 Nomen
1098 2174 1185 2238 einer
1214 2194 1276 2237 neu
1304 2171 1526 2252 oaftretendea

310 2271 444 2350 Person,
474 2294 566 2338 wenc
594 2276 650 2339 der
672 2273 805 2340 Dichter
830 2277 884 2340 ihr
906 2277 1084 2357 ttberboupt
1106 2279 1198 2341 einen
1220 2275 1341 2358 bet‘leyt²
1371 2277 1430 2339 dos
1456 2273 1526 2339 Pn-

311 2375 426 2441 bb'ccnn
451 2376 577 2443 olsbold
597 2379 778 2461 oafpehlrirt
799 2381 902 2459 wird;
929 2381 999 2444 aad
1024 2401 1113 2444 awor
1134 2380 1289 2463 pescbicbt
1308 2381 1392 2457 dies,
1419 2379 1526 2443 indam

310 2481 466 2544 entweder
495 2483 552 2545 der
573 2482 785 2563 Austretonde
812 2483 905 2562 solbat
930 2485 1040 2549 scinco
1060 2484 1187 2549 Nomen
1214 2484 1338 2567 onpibt
1354 2481 1427 2548 odor
1448 2481 1528 2546 bara

311 2605 365 2648 oor
388 2585 463 2649 oder
486 2585 625 2650 nuchhar
647 2587 783 2653 derselbe
801 2589 838 2652 ia
859 2589 915 2653 der
934 2588 1020 2654 Rode
1039 2589 1124 2653 cinos
1147 2589 1287 2652 anderen
1309 2587 1488 2652 verberarat.

397 2705 448 2770 Ita
467 2706 607 2772 Hillerus
636 2708 669 2772 in
697 2709 801 2794 capite
829 2709 1061 2776 dissertationis
1090 2711 1179 2775 cuius
1200 2709 1266 2774 iam
1289 2729 1387 2793 supra
1408 2707 1526 2790 aliquo-

311 2809 391 2874 tiens
419 2811 536 2875 mentio
561 2811 638 2876 mihi
664 2813 823 2878 inicienda
850 2822 926 2879 erat.
972 2834 1053 2898 quae
1078 2834 1270 2898 quamquam
1289 2814 1323 2878 in
1344 2813 1525 2877 universum

312 2919 396 2978 recte
420 2913 583 2998 disputata
608 2925 691 3000 sunt,
720 2917 814 2983 lacile
836 2925 943 2984 tamen
971 2919 1164 3003 intellegitur
1185 2918 1259 2984 sciri
1282 2937 1378 3001 posse
1402 2915 1442 2981 de
1464 2922 1526 2980 tra-

312 3017 430 3103 goedia
452 3019 550 3084 multo
574 3019 784 3086 adcuratiora.
831 3022 1028 3088 comoediam
1049 3043 1132 3088 nunc
1154 3044 1217 3088 non
1240 3041 1328 3103 curo,
1352 3027 1384 3086 et
1398 3020 1528 3105 protulit

313 3125 452 3190 Hillerus
469 3123 509 3188 de
526 3144 565 3189 ea
579 3125 704 3190 eximia.
741 3125 871 3210 expedit
887 3134 991 3192 autem
1008 3127 1202 3211 singulorum
1218 3132 1383 3210 poetarum
1399 3145 1527 3190 consue-

312 3228 452 3293 tudinem
477 3227 668 3293 examinare.
706 3229 775 3294 fieri
798 3231 881 3295 enim
896 3251 958 3296 non
979 3231 1081 3316 potuit
1094 3231 1169 3313 quin
1185 3229 1320 3295 diversis
1335 3228 1529 3314 temporibus

312 3332 509 3414 diversisque
531 3331 666 3415 ingeniis
690 3331 818 3400 diversa
839 3336 1009 3420 placerent.

398 3436 578 3520 Principem
601 3437 704 3502 locum
723 3438 817 3503 facile
840 3439 900 3503 sibi
923 3438 1062 3504 vindicat
1083 3438 1265 3523 Aeschyli
1285 3437 1394 3503 nativa
1417 3444 1448 3502 et
1467 3437 1528 3502 vir-

313 3541 387 3605 tutis
419 3539 620 3624 incorruptae
653 3541 708 3605 vix
741 3541 801 3607 sibi
834 3544 961 3608 conscia
986 3565 1047 3608 ars.
1097 3550 1131 3607 ut
1160 3543 1201 3607 ab
1228 3543 1373 3608 omnibus
1399 3541 1529 3626 putidae

314 3643 549 3710 consuetudinis
575 3645 727 3712 molestiis
747 3648 858 3732 procul
880 3647 984 3732 abest,
1015 3648 1060 3713 ita
1081 3644 1122 3710 τὰ
1144 3644 1199 3710 διὰ
1224 3644 1347 3724 παντὸς
1369 3635 1529 3732 α’μώμητα

312 3750 406 3833 longe
437 3736 566 3833 superat
594 3745 699 3836 ἐκείνη
727 3747 746 3837 'l
776 3748 893 3839 drudolt}
919 3755 976 3817 τοῦ
1006 3747 1173 3832 δαιμονίου
1201 3748 1384 3832 πνεύματος
1405 3740 1441 3836 ἣν
1463 3745 1529 3813 ὑπὸ

314 3847 413 3935 νόμον
443 3851 539 3932 τάξαι
574 3847 739 3922 δύσκολον.
789 3857 829 3920 ab
863 3857 964 3922 inutili
998 3857 1158 3922 nominum
1190 3856 1315 3921 sarcina
1341 3848 1530 3920 abstinuisse

314 3959 506 4043 Aeschylum
528 3959 592 4023 ianr
613 3958 765 4044 vidirnus3
786 3956 870 4027 idem
894 3961 948 4028 ubi
967 3983 984 4028 e
1005 3983 1039 4028 re
1060 3961 1187 4027 videtur
1205 3960 1389 4045 simpliciter
1404 3959 1531 4025 nomina

311 4173 313 4176 ’
402 4179 430 4248 1)
448 4178 576 4234 Carcinus
604 4179 683 4234 sirnia
700 4179 838 4250 Euripidis
862 4179 915 4233 dici
939 4184 1038 4248 potest.
1079 4198 1110 4235 cr
1133 4181 1332 4250 tragoediarum
1357 4180 1446 4233 titulis
1471 4195 1530 4232 cunr

315 4267 362 4320 illo
401 4266 565 4320 conveniunt
595 4267 701 4333 Aeropa
732 4266 819 4336 Alopa
853 4265 984 4336 Thyestes
1014 4267 1109 4322 Medea
1140 4267 1258 4337 Oedipus
1285 4266 1401 4322 Orestes.
1446 4271 1473 4318 et
1496 4264 1530 4318 cf.

319 4353 416 4407 Semel.
441 4354 458 4406 3
492 4369 552 4406 cum
581 4353 644 4406 Eur.
669 4353 769 4407 Beller.
795 4355 854 4408 670.
903 4355 978 4408 Care.
1001 4357 1024 4409 6.
1066 4372 1125 4409 cum
1147 4355 1210 4409 Eur.
1233 4354 1303 4422 Aug.
1326 4354 1377 4408 267
1401 4351 1527 4421 (Meinelr.

315 4439 389 4493 Com.
407 4439 454 4493 IV.
473 4439 546 4506 695.)
582 4439 658 4493 Caro.
678 4441 712 4494 10
731 4465 764 4484 =
783 4440 846 4494 Eur.
866 4439 968 4494 Phoen.
987 4441 1049 4496 597.
1079 4440 1154 4496 Caro.
1172 4442 1197 4508 5,
1215 4443 1239 4495 1.
1268 4441 1331 4494 Eur.
1351 4440 1444 4494 Helen.
1459 4439 1525 4494 1307

314 4526 389 4582 Alex.
408 4528 450 4582 64„
469 4525 532 4580 alia.
