3626 5288
479 583 613 674 πέτροις
635 583 888 667 καταξανθέντες
911 578 1033 653 ὀστέων
1055 567 1179 676 ῥαφάς·

478 685 500 776 ῆ
521 714 575 754 νυν
594 693 725 777 φρονεῖν
748 687 880 774 άμεινον
903 684 1026 772 ἐξαύχει
1051 685 1145 774 Διός,

476 789 498 881 ἢ
518 791 618 871 θεοὺς
635 793 770 872 δικαίως
788 791 863 872 τούς
884 793 1001 872 κακούς
1022 789 1212 862 ἀπολλύναι.

476 893 650 983 ἐξαρκέσας
671 890 707 984 ῆν
729 895 810 975 Ζεὺς
832 893 850 963 ό
871 892 1117 984 τιμωρούμενος,

475 997 558 1084 ὑμᾶς
580 1000 608 1065 δ’
630 996 771 1087 ὑβρίζειν
795 991 852 1067 οόκ
872 999 964 1089 ε’χρῆν
986 993 1108 1068 τοιάνδ
1126 999 1227 1089 ὕβριν.

426 1155 434 1171 .
478 1096 731 1189 ὦπαγκάκιστε
754 1141 790 1152 -
822 1105 897 1169 ΘΗ.
921 1106 994 1190 σῖγ’,
1011 1099 1173 1193 Ἄδραστ’,
1197 1100 1249 1187 ἔχε
1270 1101 1385 1189 στόμα,

474 1204 530 1273 καὶ
553 1205 597 1295 μῆ
620 1203 824 1294 ’πίπροσθεν
846 1212 910 1272 τῶν
932 1205 1020 1292 ἐμῶν
1040 1207 1116 1286 τούς
1137 1206 1213 1287 σοὺς
1235 1205 1346 1294 λόγους

476 1314 557 1400 θῆς·
587 1301 624 1390 ού
645 1309 706 1398 γὰρ
724 1309 794 1400 ῆκει
819 1309 903 1398 πρὸς
926 1310 963 1378 σί
985 1306 1152 1400 κηρύσσων
1176 1309 1239 1395 dee,

475 1407 545 1480 ἀλλ’
568 1410 611 1493 ὡς
632 1409 697 1498 ἔμ’·
723 1410 808 1503 ῆμάς
829 1407 1096 1503 κάποκρίνασθαι
1115 1410 1225 1504 χρεών.

402 1571 405 1578 .
521 1515 578 1584 καὶ
598 1523 715 1604 πρῶτα
736 1517 795 1601 μέν
819 1539 856 1583 σε
877 1517 963 1604 πρὸς
986 1517 1027 1585 τὰ
1050 1521 1154 1606 πρῶτ’
1176 1510 1374 1606 ἀμείψομαι.

474 1621 533 1686 οὐκ
553 1613 614 1687 οἶδ’
638 1619 700 1706 ε’γώ
723 1619 871 1709 Κρέοντα
892 1620 1080 1702 δεσπόζοντ’
1104 1621 1182 1706 ε’μοῦ

475 1723 550 1791 οὐδὲ
573 1723 733 1792 σθένοντα
753 1725 875 1809 μεῖζον,
898 1721 974 1790 ὥστ’
997 1717 1178 1812 ἀναγκάσαι

475 1830 554 1917 δρᾶν
574 1827 634 1907 τὰς
653 1820 803 1918 >Αθῆνας
824 1831 928 1894 ταῦτ’·
957 1823 1025 1894 άνω
1047 1827 1106 1917 γάρ
1129 1825 1169 1895 ἀν
1189 1828 1263 1916 ῥέοι

472 1931 514 1998 τά
535 1927 707 2018 πράγμαθ’
730 1929 846 2016 οὕτως,
871 1929 900 1998 εἰ
922 1927 1166 2016 ’πιταξόμεσθα
1188 1928 1236 2022 δῆ.

472 2034 617 2120 πόλεμον
640 2035 677 2103 δὲ
695 2039 811 2102 τοῦτον
834 2031 890 2124 οὐκ
914 2034 977 2122 ἐγώ
999 2033 1218 2122 καθίσταμαι,
1251 2114 1253 2120 7

472 2132 510 2218 ὃς
532 2130 569 2206 ού
592 2138 649 2207 σύν
671 2137 789 2219 ὅπλοις
810 2132 914 2228 ῆλθον
934 2139 968 2219 ἐς
990 2139 1129 2223 Κάδμον
1149 2137 1264 2222 χθόνα,

473 2242 602 2330 νεκρούς
625 2241 661 2309 δὲ
683 2241 758 2321 τοὺς
780 2237 962 2324 θανόντας,
985 2235 1023 2309 οδ
1045 2238 1203 2328 βλάπτων
1221 2240 1319 2310 πόλιν

473 2338 541 2412 odd
565 2341 786 2434 ἀνδροκμῆτας
808 2344 1006 2435 προσφόρων
1028 2338 1179 2431 ἀγωνίας,

473 2445 591 2536 θάψαι
613 2450 745 2529 δικαιῶ,
768 2447 825 2514 τὸν
847 2445 1062 2539 Πανελλήνων
1085 2447 1185 2532 νόμον

474 2553 596 2642 σῴζων·
625 2549 660 2618 τί
680 2547 802 2618 τούτων
824 2551 914 2619 ἐστὶν
937 2550 974 2620 ού
995 2555 1101 2632 καλῶς
1121 2549 1212 2637 ἐχονς

473 2653 502 2723 εί
524 2655 585 2744 γάρ
608 2681 642 2723 τι
661 2655 717 2723 καὶ
737 2651 927 2724 πεπόνθατ’
942 2649 1095 2746 Ἀργείων
1114 2653 1190 2740 deco,

473 2765 643 2844 τεθνᾶσιν,
667 2752 836 2849 ἠμύνασθε
857 2757 1034 2845 πολεμίους
1057 2761 1172 2840 καλῶς,

474 2862 614 2952 αἰσχρῶς
635 2865 663 2930 δ’
684 2857 836 2948 ἐκείνοις,
858 2861 897 2953 χῆ
920 2862 994 2953 δίκη
1017 2861 1182 2947 διοίχεται,

235 2976 297 3037 532
473 2965 556 3034 ὅθεν
578 2969 605 3034 δ’
628 2966 765 3035 ἕκαστον
783 2966 816 3047 ἐς
837 2966 875 3037 τὸ
898 2972 969 3057 φῶς
990 2964 1135 3056 ἀφίκετο,

235 3212 294 3273 531
473 3203 583 3272 ἐάσατ’
606 3201 665 3294 ῆδη
685 3207 724 3294 γῇ
746 3208 954 3294 καλυφθῆναι
978 3198 1115 3291 νεκρούς.

250 3431 302 3488 511
337 3434 398 3484 ΛΔ.
420 3435 464 3484 Φ.
491 3432 553 3484 XO.
571 3428 703 3498 Είκιείιχ.

249 3518 302 3572 512
335 3514 466 3583 τοιαύτην
486 3521 521 3568 Φ.
558 3531 625 3570 eurr.
643 3514 788 3569 Μκεωνιω.

250 3605 302 3658 513
336 3607 396 3656 ΛΔ.
415 3601 477 3656 edd.
497 3601 628 3672 Είοιτῑιχ.

250 3689 302 3746 523
338 3687 404 3743 οὐδὲ
420 3686 473 3741 σὺν
490 3693 551 3746 τοῖς
569 3686 594 3740 δ’
615 3692 651 3739 Φ.
687 3702 753 3740 eoru.
773 3683 925 3758 Kirehhoffi

249 3777 302 3832 528
336 3776 469 3829 πέπονθέ
480 3775 508 3844 γ’
528 3780 564 3827 Φ.
600 3788 666 3827 eoru.
685 3789 712 3841 p.

250 3864 303 3918 530
338 3863 461 3933 αἰσχρῶς
478 3863 501 3912 τ’
523 3865 559 3914 Φ.
595 3874 661 3914 eoru.
679 3857 782 3914 Ητιιιλ.

230 3948 380 4005 ’531-36
417 3943 856 4014 seob.123,3habeeu10sehioui
874 3944 1005 4010 iuibutos,
1025 3945 1096 4016 quod
1115 3962 1148 4002 ue
1166 3945 1224 4000 fieri
1242 3945 1352 4016 quidem
1369 3960 1450 4014 posse

337 4032 408 4088 vidie
433 4031 599 4086 Μοίκιλιίκι.
642 4032 792 4087 sententiae
814 4047 877 4085 vero
905 4048 985 4102 quum
1009 4032 1125 4087 maxime
1149 4031 1318 4102 Euripideae.
1362 4047 1450 4100 neque

337 4118 485 4188 quidquam
503 4117 658 4173 offensionis
678 4121 778 4186 restat,
796 4120 905 4174 servata
922 4117 1044 4173 eodioum
1061 4118 1177 4174 lectione
1196 4119 1320 4184 ἀπῆλθε,
1341 4116 1450 4172 sublata
1515 4143 1517 4149 2

337 4203 548 4273 interpolatione
570 4205 635 4267 531,
664 4203 792 4259 restituta
819 4204 891 4258 iustu
912 4204 1135 4274 interpunctione.
1179 4207 1207 4260 et
1228 4203 1353 4258 claudum
1376 4205 1451 4258 esset

337 4289 506 4361 ἐνθύμημιῆ,
544 4289 652 4345 etiamsi
676 4289 773 4359 offeeei
799 4288 863 4346 eutis
892 4289 928 4344 ab
953 4291 1078 4360 Ατμίοίτ,
1108 4296 1194 4347 merie
1219 4305 1314 4345 ιονιιοι
1336 4287 1450 4358 offensio

335 4376 447 4432 sublata
472 4382 525 4444 eet,
559 4377 614 4432 nisi
645 4377 789 4432 adderetur
816 4377 965 4433 conclusio:
996 4393 1059 4447 τνρο
1085 4393 1184 4434 αιτιοι
1209 4375 1366 4447 τιμάιωαι
1395 4373 1448 4446 leui

335 4463 524 4530 οϋιιικμωοιι.
1095 4467 1097 4474 ·
1234 4481 1238 4490 ’

248 4550 300 4605 632
335 4554 395 4621 φῶς
411 4548 504 4604 Perse.
542 4552 614 4622 σῶμ’
634 4556 669 4604 Φ.
689 4549 763 4606 Stoi.
