3666 5296
1404 409 1457 478 221

244 591 329 679 apud
351 595 573 664 moribundum
594 598 685 682 χαῖρε
708 592 763 658 καί
787 592 827 658 σύ
849 593 1003 676 singulari
1028 592 1062 658 vi
1082 591 1262 679 praeditum
1285 601 1342 660 est.
1383 615 1458 678 quo

242 697 325 764 tiens
355 701 437 765 enirn
459 701 492 768 iu
513 700 673 786 lapidibus
697 697 927 784 sepulcratibus
948 696 1018 762 cole
1039 701 1069 761 ct
1095 702 1149 778 ta;
1184 705 1214 763 et
1239 705 1293 778 ta,·
1322 696 1388 764 καὶ
1418 697 1461 764 σύ

241 806 349 888 χαῖρε
374 805 394 869 i.
418 826 445 871 e.
471 801 603 890 χαίρειν,
621 800 760 880 κελεύεις
787 798 857 885 ἐμέ·
894 799 949 866 καί
977 801 1016 866 σύ
1040 805 1131 889 χαῖρε
1158 803 1275 869 similia
1302 804 1459 888 leguntur.

244 927 314 972 mos
337 915 386 974 est
408 916 548 976 mortuos
571 910 680 975 valere
701 907 820 973 iubere.
856 906 910 990 qui
931 906 959 971 si
981 905 1174 991 respondent
1195 905 1252 972 καί
1267 905 1321 988 σύ,
1341 909 1460 976 faciunt

244 1011 330 1093 quod
362 1013 428 1080 vivi
451 1013 603 1080 iecerunt.
653 1013 682 1080 si
708 1012 832 1098 priores
854 1008 910 1074 καὶ
938 1007 977 1076 σὺ
997 1012 1090 1095 χαῖρε
1111 1011 1270 1097 inquiunt,
1304 1014 1365 1080 sibi
1386 1023 1460 1100 post

243 1121 377 1181 mortem
409 1118 491 1183 bene
524 1138 596 1184 esse
627 1115 833 1200 adseverant,
867 1112 953 1197 quod
986 1115 1191 1199 superstitum
1216 1116 1321 1201 pietas
1347 1118 1460 1185 audie

243 1220 370 1302 gaudet.
404 1221 517 1288 hocine
531 1223 706 1308 Hippolyto
722 1219 900 1287 castissimo
917 1219 986 1286 deis
1002 1219 1166 1287 carissimo
1181 1220 1372 1309 μεμνημένῳ
1389 1221 1460 1311 (25)

243 1324 350 1390 iuveni
376 1327 545 1392 convenit?
587 1324 697 1392 taedet
722 1345 843 1391 morem
869 1323 1101 1410 pientissimum
1122 1345 1181 1409 per
1203 1325 1310 1391 omnia
1332 1329 1459 1394 saecula

243 1429 409 1512 vulgarem
441 1431 693 1497 testimoniorum
727 1431 811 1497 mole
840 1428 977 1494 firmare.
1027 1434 1061 1494 at
1082 1449 1123 1495 ne
1143 1429 1247 1496 minus
1269 1429 1460 1516 philologiae

243 1532 358 1600 iecisse
384 1533 564 1620 videamur,
592 1535 743 1622 perlegas
771 1533 926 1618 quidquid
953 1533 1150 1600 contulerunt
1174 1533 1211 1600 Ο.
1233 1535 1329 1600 Jahn.
1364 1537 1459 1602 Arch.

244 1637 339 1704 Beitr.
358 1647 430 1704 149.
458 1640 533 1706 Bos.
547 1640 642 1706 Blick
658 1648 707 1706 61.
738 1638 903 1724 Stephani.
917 1637 1056 1704 Ausruh.
1071 1639 1146 1704 Her.
1163 1647 1214 1704 41.
1250 1659 1324 1725 ego,
1346 1641 1459 1726 nequis

244 1743 347 1808 malus
367 1743 511 1810 invidere
532 1745 634 1830 possit
653 1765 716 1810 neu
737 1744 822 1810 mala
843 1742 1001 1809 fascinare
1022 1743 1145 1828 lingua,
1171 1743 1227 1808 OD
1244 1745 1347 1811 scribo
1363 1752 1459 1812 temo-

244 1867 380 1930 nemque
401 1848 532 1934 iusuper
553 1849 638 1915 addo
661 1848 884 1934 adscriboque‚
910 1853 946 1912 ut
967 1847 1060 1913 Acris
1081 1848 1114 1913 in
1135 1848 1318 1934 anaglypho
1340 1851 1459 1916 factum

245 1957 308 2036 est,
337 1950 393 2016 καί
417 1947 466 2018 σύ.
1037 1981 1038 1988 ’

721 2077 975 2086 ...m—n·—

834 2231 864 2292 5.

332 2347 409 2413 Pari
443 2347 649 2433 confidentia,
684 2367 748 2431 qua
780 2347 874 2413 modo
909 2348 1051 2414 traiectis
1084 2349 1229 2416 versibus
1260 2369 1396 2417 scaenae
1422 2371 1462 2418 ac

245 2453 373 2518 fabulae
405 2453 540 2518 salutem
563 2452 721 2538 quaesivi,
751 2472 834 2517 nuno
856 2451 1054 2536 undeviginti
1073 2473 1186 2519 versus
1206 2453 1352 2540 Euripidi
1374 2455 1460 2522 abiu-

247 2557 326 2622 dico.
372 2557 437 2622 scio
470 2555 523 2623 hio
550 2575 689 2642 quoque,
721 2557 946 2640 grammaticos
966 2562 1093 2623 veteres
1116 2562 1147 2622 et
1165 2556 1281 2626 doctos
1303 2559 1461 2644 patienter

245 2662 356 2727 tulisse
383 2682 466 2744 quae
493 2661 571 2726 mihi
591 2661 803 2728 intolerabilia
824 2660 986 2745 videntur,
1015 2660 1167 2745 profiteor
1188 2652 1397 2746 paucissimas
1421 2683 1461 2729 ex

245 2766 366 2850 ingenti
395 2786 490 2849 quem
519 2785 630 2831 recens
653 2771 743 2832 aetas
767 2765 889 2831 detexit
915 2765 1193 2849 interpolationem
1213 2785 1345 2832 numero
1367 2787 1389 2832 a
1409 2789 1461 2834 me

246 2890 372 2952 quoquc
394 2871 519 2955 spurias
540 2869 668 2954 haberi3
694 2875 802 2935 tamen
824 2889 907 2952 quae
927 2867 1047 2934 dudum
1069 2868 1147 2934 mihi
1169 2875 1257 2935 certa
1283 2871 1354 2936 visa
1378 2877 1460 2956 sunt,

245 2996 309 3040 nou
324 2975 449 3059 reticeo,
464 2974 516 3040 hic
531 2994 656 3059 quoque
670 2975 922 3058 intellegentium
936 2974 1108 3039 amicorum
1122 2973 1239 3040 iudicio
1255 2981 1458 3042 sustentatus.

305 3155 308 3161 ¹
331 3079 428 3145 velim
460 3080 594 3146 lectores
625 3078 811 3146 Casandrae
843 3077 1105 3144 declamationem
1131 3078 1248 3144 Troad.
1276 3083 1457 3146 354—405

246 3183 416 3266 diligenter
444 3183 619 3268 perlegant.
671 3182 787 3266 quodsi
813 3183 1014 3269 perlegeritis
1040 3183 1105 3248 iam
1133 3203 1185 3249 me
1216 3181 1364 3250 audiatis.
1409 3185 1459 3250 aio

244 3288 501 3372 interpolatorem
520 3293 662 3355 veterem
684 3286 718 3374 (i.
741 3308 768 3356 e.
791 3308 875 3356 saec.
898 3286 951 3354 IV.
973 3288 1026 3354 vel
1047 3293 1133 3354 certe
1146 3287 1202 3352 ΠΙ.
1225 3308 1253 3352 a.
1269 3286 1358 3376 Chr.)
1378 3289 1460 3356 iuss-

246 3393 348 3458 ruisse
371 3412 417 3458 vs.
442 3399 623 3458 365—383

421 3519 484 3580 365
529 3512 627 3580 πόλιν
646 3512 683 3580 δὲ
705 3510 801 3593 δείξω
820 3507 916 3601 τήνδε
936 3510 1182 3600 μακαριωτέραν

527 3615 548 3706 ἢ
566 3617 642 3696 τοὺς
661 3608 815 3699 Ἀχαιούς
821 3665 831 3694 ,
853 3612 970 3695 ἔνθεος
988 3613 1060 3699 μέν,
1083 3616 1153 3684 ἄλλ’
1175 3612 1265 3698 ὅμως

529 3715 665 3788 τοσόνδε
685 3723 712 3807 a)
731 3717 793 3802 ἔξω
814 3714 976 3809 στήσομαι
997 3713 1239 3805 βακχευμάτων·

529 3821 566 3892 οἳ
585 3825 640 3890 διὰ
661 3821 739 3908 μίαν
758 3829 890 3910 γυναῖκα
912 3823 969 3890 καί
989 3821 1069 3908 μίαν
1089 3823 1221 3912 Κύπριν

528 3936 694 4019 θηρῶντες
710 3925 837 4018 Ἑλένην
857 3925 990 4016 μυρίους
1009 3919 1194 3996 ύπιύλεσαν.

449 4024 451 4029 ’
530 4031 548 4102 ὁ
571 4032 608 4100 δὲ
628 4031 804 4122 στρατηγὸς
824 4031 842 4100 ὁ
866 4035 971 4122 σοφὸς
992 4030 1154 4115 ἐχθίστων
1175 4029 1259 4119 ὅπερ

528 4137 570 4206 τὰ
593 4137 721 4226 φίλτατ’
740 4132 849 4222 ὤλετ’,
871 4133 989 4226 ἡδονὰς
1009 4136 1068 4217 τὰς
1090 4133 1225 4206 οἴκοθεν

529 4242 646 4310 τέκνων
668 4235 799 4331 ἀδελφῷ
822 4239 896 4320 δοὺς
917 4241 1067 4328 γυναικὸς
1089 4239 1211 4324 cineae,

528 4347 586 4414 καί
606 4346 703 4414 ταῦθ’
726 4341 860 4434 ἑκούσης
881 4338 940 4412 κού
965 4343 1024 4436 βίᾳ
1045 4345 1251 4437 λελῃσμένης·

530 4449 606 4520 ἐπεὶ
626 4452 655 4518 d'
676 4450 731 4518 ἐπ’
752 4447 854 4530 ἀκτὰς
874 4447 1001 4540 ἤλυθον
1019 4447 1261 4538 Σκαμανδρίους

422 4563 485 4624 375
531 4553 691 4645 ἔθνησκον
714 4551 749 4624 αι’
769 4561 827 4644 γῆς
849 4553 908 4644 ὅρι’
932 4548 1209 4646 ἀποστερούμενοι
