3626 5288
790 421 826 477 11.
844 425 870 477 2.
1387 420 1436 480 14⁷

221 591 358 674 parabili
380 593 462 675 viro,
490 591 687 677 incohatum,
718 615 739 658 a
759 594 886 678 paucis,
916 595 999 659 inter
1021 612 1101 676 qnos
1125 593 1306 660 Odofredus
1327 595 1437 660 Mdlle-

221 693 306 760 lerus
342 703 374 760 et
403 695 479 762 Otto
509 695 644 762 Jahnius
678 697 830 780 eminent,
864 697 1078 762 continuatum
1105 699 1251 763 excolere
1281 699 1437 782 volumus,

221 797 274 862 via
296 819 334 862 ac
356 799 479 864 ratione
502 800 655 883 cogimur,
678 806 713 864 ut
734 799 775 864 ab
798 820 838 864 ea
859 807 951 884 parte
974 799 1148 884 ordiamur,
1172 820 1236 882 qua
1251 801 1294 866 ad
1309 803 1437 867 minime

220 901 376 967 incertum
405 902 501 968 finem
530 903 690 987 perveniri
712 923 807 986 posse
837 903 977 966 maxima
1005 903 1215 987 probabilitas
1244 910 1301 969 est.
1349 906 1438 987 atqui

220 1004 302 1069 hanc
323 1013 448 1090 partem
471 1005 669 1088 tragoediam
691 1005 828 1070 Atticam
856 1005 1001 1090 inprimis
1025 1005 1226 1091 lluripideam
1258 1027 1329 1073 esse
1355 1009 1437 1074 inter

219 1109 439 1192 intellegentes
462 1115 594 1174 constat.
641 1117 673 1174 et
694 1109 831 1194 praeivit
852 1108 944 1174 firmo
967 1108 1050 1193 pede
1074 1108 1149 1174 Otto
1171 1109 1320 1194 Jahnius,
1348 1112 1436 1178 euius

220 1211 261 1276 de
283 1213 426 1298 Telepho
442 1213 540 1296 Syleo
555 1212 694 1296 Antiopa
716 1212 947 1296 disputationes
969 1213 1151 1278 nominasse
1166 1213 1245 1279 satis
1262 1221 1319 1278 est.
1352 1216 1438 1279 omni

220 1335 296 1380 vero
320 1335 402 1397 quae
424 1337 487 1380 non
511 1336 550 1380 ex
573 1315 707 1398 singulis
730 1322 852 1380 tantum
873 1316 956 1380 hanc
982 1315 1201 1397 quaestionem
1227 1323 1342 1381 tractet
1372 1317 1434 1383 dis-

220 1420 376 1502 putationi
406 1419 530 1482 firmum
559 1419 799 1484 fundamentum
827 1418 932 1502 deest,
965 1419 1028 1485 nisi
1064 1419 1229 1502 catalogus
1257 1419 1436 1484 fabularum

220 1521 480 1606 Euripidearum,
510 1543 592 1604 quae
623 1522 751 1604 quidem
779 1543 843 1587 non
873 1523 981 1588 statim
1002 1528 1172 1607 postquam
1194 1521 1307 1588 doctae
1330 1531 1437 1590 essent

220 1625 410 1709 interierint,
442 1626 633 1709 rest'tuitur,
665 1632 721 1690 aut
742 1627 770 1691 si
791 1625 827 1690 id
847 1625 915 1690 fieri
938 1646 1002 1690 non
1024 1632 1150 1709 posset,
1180 1627 1332 1692 terminus
1354 1628 1436 1692 inter

222 1749 261 1793 ea
283 1749 365 1810 quae
388 1729 463 1794 sciri
485 1749 567 1810 quae
589 1729 705 1794 nesciri
723 1728 931 1812 deberemus,
952 1727 1041 1814 (nam
1063 1728 1180 1799 debent
1201 1731 1307 1794 omnia
1321 1732 1437 1796 nesciri
1460 1741 1467 1841 1

222 1852 303 1913 quae
325 1831 401 1896 sciri
421 1832 595 1919 nequeunt)
616 1831 775 1916 figeretur.
822 1839 855 1896 at
877 1833 979 1916 potuit
1002 1831 1166 1915 catalogus
1181 1833 1319 1916 restitui;
1342 1854 1436 1915 quem

220 1935 265 2000 ita
288 1934 448 2018 disposui,
482 1941 517 2000 ut
550 1955 642 2000 cruce
672 1936 857 2021 praeposita
878 1935 1019 2001 fabulam
1037 1935 1071 2000 in
1095 1955 1252 2000 marmore
1277 1936 1436 2024 Alban02)

220 2038 388 2122 nominari,
428 2039 580 2104 asterisco
612 2039 753 2104 fabulam
779 2039 813 2103 in
839 2056 997 2104 marmore
1029 2038 1174 2104 Piraeico
1202 2045 1324 2124 extare,
1353 2046 1434 2106 aste-

221 2141 302 2206 risco
328 2142 450 2206 uncinis
482 2149 593 2226 saepto
626 2142 745 2206 ibidem
778 2143 890 2226 procul
923 2140 1018 2207 dubio
1046 2142 1189 2208 extitisse
1215 2142 1434 2225 significarem.

186 2277 195 2294 ·
220 2264 369 2310 numerus
397 2252 525 2327 nostras
550 2245 605 2310 ubi
635 2243 802 2329 adpositus
830 2251 891 2328 est,
924 2265 987 2326 quo
1014 2245 1083 2310 loco
1110 2245 1298 2328 tetralogiae
1327 2246 1436 2311 fabula

220 2349 325 2431 posita
367 2348 474 2431 fixerit,
524 2367 673 2412 numerus
721 2367 855 2430 graecus
888 2348 982 2429 quale
1016 2348 1194 2432 praemium
1223 2349 1436 2432 reportaverit

219 2450 346 2516 indicat.
395 2451 505 2516 ultimo
542 2452 612 2516 loeo
649 2457 774 2535 tempus
810 2449 976 2516 indicatur.
1026 2450 1183 2516 ordinem·
1204 2451 1340 2533 denique
1379 2450 1434 2517 diu

221 2560 384 2620 cunctatus
411 2555 609 2639 aptissimum
644 2575 717 2619 eum
747 2553 899 2638 iudicavi,
936 2561 972 2618 ut
1006 2553 1131 2619 fabulas
1162 2553 1258 2619 hodie
1290 2562 1434 2622 extantes

216 2664 421 2741 sequerentur
465 2679 505 2722 ex
547 2658 744 2742 temporibus
787 2656 1046 2741 didascaliarum,
1094 2663 1251 2738 quatenus
1288 2658 1434 2740 cognitae

217 2769 335 2845 essent,
378 2760 551 2846 dispositae
588 2760 788 2845 tragoediae,
830 2767 992 2846 postremo
1029 2761 1100 2825 loeo
1138 2779 1272 2842 quarum
1304 2767 1433 2846 tempus
1511 2800 1514 2805 -

216 2865 408 2948 incognitum
441 2871 527 2931 essct
558 2871 759 2950 ponerentur.
816 2864 990 2948 subscripsi
1022 2863 1203 2930 testimonia
1233 2864 1433 2948 gravissima,

218 2968 301 3034 unde
335 2975 367 3033 et
395 2975 541 3052 tempora
567 2967 773 3033 definirentur
795 2975 827 3032 et
848 2967 949 3034 sicubi
972 2966 1042 3032 fieri
1063 2973 1185 3050 posset,
1212 2973 1434 3050 argumentum

219 3079 303 3137 certo
337 3078 505 3138 constaret.
557 3072 604 3136 uti
636 3078 743 3136 autem
772 3070 834 3136 hoe
862 3071 1008 3154 catalogo
1037 3089 1101 3134 non
1130 3076 1222 3154 potes
1251 3070 1314 3136 nisi
1340 3070 1434 3136 simul

219 3174 361 3239 adhibita
386 3174 629 3258 diligentissima
651 3175 902 3259 fragmentorum
926 3173 1123 3256 collectione,
1147 3193 1243 3256 quam
1268 3173 1433 3238 Nauckius

220 3277 346 3362 Lipsiae
371 3285 455 3343 1854
479 3277 586 3344 edidit.
633 3277 803 3344 editionem
824 3279 979 3343 minorem
999 3277 1166 3361 praeclaro
1189 3283 1318 3342 auctore
1331 3275 1433 3359 indig-

219 3401 292 3445 nam
315 3383 457 3448 oonsulto
479 3382 614 3466 neglexi.

331 3536 635 3600 ΚΑΤΑΛΟΓΟΣ
658 3533 755 3596 ΤΩΝ
773 3533 1023 3597 ΕΥΡΙΠΙΔΟΥ
1041 3531 1324 3600 ΔΡΑΜΑΤΩΝ.
1407 3587 1448 3640 &s
1500 3595 1503 3600 .

651 3647 836 3739 Τραγῳδίαι
854 3651 993 3741 γνήσιαι.

200 3827 217 3884 Ἀ,
245 3778 306 3858 1†
348 3777 603 3840 AAxmex.
631 3782 661 3838 ι.
688 3771 719 3858 α
746 3779 819 3838 aas.

472 3878 702 3964 Aristophanes
724 3877 898 3962 Byzantius
919 3876 952 3942 in
974 3882 1169 3961 argumento.

309 4112 336 4180 2)
355 4109 470 4179 Oportet
494 4126 510 4164 a
533 4109 621 4178 perito
644 4106 732 4162 denuo
750 4105 898 4176 diligenter
915 4105 1082 4175 inquiratur,
1101 4121 1166 4158 num
1183 4119 1277 4158 revera
1294 4103 1431 4173 integrum

222 4210 338 4249 marmor
355 4195 489 4250 Albanum
512 4211 566 4250 non
592 4195 671 4263 plura
693 4193 829 4262 insculpta
852 4181 978 4246 habuerit
1001 4191 1124 4257 nomina,
1153 4206 1233 4259 quam
1256 4206 1324 4258 quae
1352 4188 1431 4244 hodie

222 4281 378 4350 adpareant.
414 4281 486 4350 qnod
512 4281 536 4335 si
559 4280 629 4335 forte
654 4280 734 4333 aliter
756 4279 900 4342 sehabet,
929 4278 1016 4332 mults
1042 4277 1163 4345 suppleri
1179 4278 1301 4344 possunt.
1337 4277 1431 4330 eontu-

222 4367 315 4420 lissem
344 4383 395 4436 ego
418 4383 478 4421 cum
507 4370 616 4436 ectypo,
643 4365 751 4434 quode
777 4381 806 4418 re
826 4363 938 4429 fuisset,
964 4364 1011 4417 sed
1029 4362 1150 4417 Berolini
1165 4361 1241 4422 vivo,
1270 4361 1317 4415 nbi
1336 4364 1432 4428 ectypa

222 4450 335 4506 Carolus
353 4452 493 4508 Bdttieher
520 4453 583 4521 peni
611 4450 700 4521 pinxit
727 4449 836 4504 bubulo.
881 4443 973 4519 itaque
1001 4450 1045 4504 vix
1062 4449 1263 4517 adgnoscuntur
1280 4447 1432 4502 litterarum

221 4538 346 4606 vestigia.
