3666 5296
847 259 863 296 Ὀ

850 369 900 432 111.
918 367 944 431 h.
1293 311 1296 322 ι
1450 365 1503 431 108

291 561 419 637 semper
450 552 593 618 homines
626 551 720 618 deivc
754 553 808 635 qui
839 551 1006 637 prologum
1039 551 1180 616 recitant.
1235 549 1389 634 obstrepit
1421 563 1502 612 5555

290 655 405 742 Apollo
427 655 611 740 Alcestidis,
645 675 740 740 quem
773 656 874 722 solum
902 675 942 720 ex
971 653 1041 720 deis
1070 661 1159 720 15555
1187 652 1382 720 manifestari
1403 651 1503 716 voluit

290 759 469 846 Euripides.
513 761 649 827 Alcestis
677 767 782 827 aetate
808 762 912 845 prima
941 765 990 824 est
1017 760 1099 824 inter
1119 758 1301 842 tragoedias
1322 757 1414 822 nobis
1437 773 1501 821 ser-

290 872 391 931 vatas.
437 871 491 930 aut
515 866 556 931 ah
585 866 656 932 aliis
682 866 750 932 sive
777 865 872 930 choro
896 865 963 930 sive
986 863 1145 929 actoribus
1167 869 1337 944 antequam
1359 860 1411 925 vel
1430 879 1501 924 cum

290 969 434 1053 procedit
463 970 650 1036 nominatur.
703 969 817 1036 chorus
844 969 889 1034 uti
916 969 997 1034 solet
1022 968 1136 1032 iambis
1158 972 1229 1050 aut,
1261 963 1363 1032 rarius
1386 971 1502 1046 tamen,
1621 983 1624 992 ·

290 1073 486 1158 anapaestis,
519 1095 690 1158 numquam
719 1074 839 1140 melicis
866 1073 1012 1138 versibus
1036 1070 1135 1156 (quod
1162 1069 1337 1156 Sophocles
1365 1067 1504 1133 admittit

290 1177 336 1242 El.
363 1185 456 1242 1429.
486 1179 566 1243 Phil.
590 1178 667 1264 202)
688 1199 844 1263 persaepe
867 1179 963 1243 etiam
986 1196 1056 1242 cum
1077 1176 1192 1241 iterum
1206 1173 1351 1260 procedit
1365 1189 1502 1257 persona

290 1283 481 1366 nominatur,
511 1283 544 1346 in
571 1282 744 1367 tragoediis
775 1283 892 1347 ultimis
911 1282 963 1346 151
985 1301 1043 1366 per
1062 1280 1150 1346 chori
1171 1284 1364 1364 anapaestos
1383 1275 1500 1362 (Orest.
1619 1339 1621 1343 .

293 1393 389 1469 1013,
411 1385 510 1473 1505)
531 1393 588 1452 aut
608 1387 785 1452 trochaicos
806 1391 1007 1452 tetrametros
1025 1406 1088 1450 non
1109 1385 1295 1466 insequente
1311 1403 1428 1449 scaena
1442 1383 1501 1448 eis-

290 1489 362 1554 dem
381 1491 522 1556 numeris
545 1491 723 1576 conscripta
745 1490 875 1575 (Phoen.
901 1497 994 1555 1307.
1025 1488 1078 1554 Or.
1104 1489 1216 1576 1549),
1244 1487 1302 1554 sed
1329 1507 1501 1571 numquam

289 1595 403 1658 iterum
435 1593 613 1679 procedens
636 1615 670 1660 sc
699 1595 768 1678 ipse
793 1595 959 1677 quisquam
988 1595 1137 1659 nominat.
1151 1592 1177 1681 ²)
1221 1613 1303 1676 quae
1325 1595 1414 1677 leges
1436 1599 1502 1657 tam

290 1699 447 1764 constanti
467 1719 527 1764 usu
549 1706 754 1783 usurpantur,
777 1706 811 1763 ut
833 1699 994 1782 singulare
1014 1698 1174 1783 videatur,
1205 1698 1290 1782 quod
1313 1697 1399 1782 apud
1420 1704 1500 1763 cete-

290 1823 342 1868 ros
369 1803 507 1886 tragicos
533 1803 667 1887 vulgare
691 1811 753 1888 est,
781 1803 935 1886 siquando
962 1823 1101 1889 persona
1122 1823 1185 1870 non
1206 1804 1277 1888 ipso
1299 1803 1426 1868 nomine
1449 1809 1503 1868 aut

289 1927 351 1972 non
389 1907 460 1994 ipso
495 1907 600 1992 primo
636 1927 731 1973 versu
762 1908 949 1973 nominatur.
1007 1909 1054 1973 ita
1090 1909 1218 1972 Electra
1253 1908 1286 1972 in
1316 1908 1502 1991 cognomine

289 2010 398 2076 fabula
427 2017 469 2074 60
507 2032 570 2077 555
611 2011 721 2096 ipsius·
744 2011 802 2078 sed
836 2013 947 2078 matris
979 2013 1150 2096 fratrisque
1183 2012 1362 2077 nominihus
1395 1999 1501 2076 utitur.

289 2095 490 2202 Polpmestor
520 2116 553 2180 in
582 2116 715 2182 Hecuba
746 2122 914 2200 postquam
947 2116 1033 2182 115511
1056 2137 1177 2201 paucos
1202 2117 1273 2201 ipse
1303 2117 1425 2180 locutus
1454 2123 1504 2181 555
1631 2186 1634 2191 ,
1728 2107 1730 2111 ⁴

255 2251 257 2256 ·
289 2238 402 2284 versus
434 2219 476 2284 ab
506 2219 639 2285 Hecuba
665 2221 844 2304 adpellatur
867 2227 938 2284 979.
985 2221 1162 2286 sciebamus
1188 2227 1219 2284 et
1240 2222 1408 2284 venturum
1431 2239 1503 2286 esse

289 2323 541 2410 Polymestorem
567 2332 599 2389 et
626 2324 783 2390 Thracem
805 2345 839 2389 se
866 2323 943 2389 dicit
962 2331 1034 2390 963.
1080 2324 1225 2388 5115111551
1246 2325 1279 2388 15
1302 2322 1418 2389 Oresta
1440 2325 1501 2390 He-

289 2427 363 2492 lena
398 2434 567 2513 postquam
593 2449 632 2494 ex
659 2429 792 2496 aedibus
818 2429 987 2514 processit,
1020 2429 1191 2512 inquibus
1224 2449 1295 2494 eam
1315 2431 1503 2494 commorari

289 2531 416 2598 Electra
438 2532 594 2618 (11111560,
618 2540 650 2599 55
671 2534 944 2600 55555115155515
966 2540 1015 2600 555
1037 2534 1078 2598 511
1097 2534 1226 2598 Electra
1247 2533 1427 2618 adpellatur
1450 2540 1500 2599 81.

291 2636 332 2702 de
353 2636 597 2704 Phoenissarum
620 2638 745 2704 Tiresia
769 2659 867 2724 supra
889 2637 964 2725 dixi.
1009 2639 1104 2723 pauci
1126 2636 1262 2722 denique
1281 2639 1343 2704 loci
1362 2640 1501 2722 corrupti

290 2749 376 2826 sunt;
398 2761 473 2808 nam
494 2743 582 2808 chori
603 2744 704 2808 verba
718 2743 879 2808 Μ5551155
901 2743 1102 2828 procedentis
1125 2743 1292 2809 audaciam
1314 2741 1501 2809 admirantis

288 2847 487 2913 intercidisse
514 2854 587 2933 ante
609 2849 735 2914 Heracl.
758 2857 822 2913 474
846 2849 898 2913 lib.
913 2849 952 2913 Π.
977 2849 1259 2933 oap.4vidi1nus;
1285 2867 1389 2932 neque
1411 2849 1500 2913 intel-

288 2952 354 3036 legi
372 2959 506 3036 possunt
527 2953 719 3018 Hermionae
741 2953 845 3037 prima
864 2954 964 3019 verba
982 2943 1136 3018 ¹Androm.
1160 2961 1221 3019 147
1243 2953 1305 3019 nisi
1328 2973 1398 3018 cum
1417 2951 1500 3018 Mus-

289 3057 400 3141 gravio
438 3053 525 3123 chori
562 3065 753 3143 anapaestos
788 3057 988 3124 intercidisse
1025 3059 1150 3143 statuis,
1188 3059 1276 3124 55155
1315 3057 1500 3124 verissimae

287 3160 501 3226 observationi
533 3181 665 3246 prorsus
700 3161 821 3228 absona
843 3163 974 3248 opponit
1005 3163 1220 3247 Hermannus,
1254 3163 1422 3228 obsecutus
1452 3169 1501 3228 555

236 3331 239 3336 ,
286 3285 368 3330 11555
391 3265 613 3331 Kircbhoffius.
652 3265 819 3332 addendus
841 3287 917 3333 vero
932 3267 1044 3333 tertius
1059 3268 1160 3333 locus:
1180 3267 1282 3352 Iphig.
1302 3267 1499 3336 5551155

287 3369 409 3454 Thoas,
444 3370 670 3436 5515555555
696 3378 769 3455 post
792 3380 833 3436 32
860 3391 923 3437 non
945 3371 1137 3456 audivimus,
1166 3373 1200 3436 in
1220 3391 1367 3437 scaenam
1386 3370 1500 3455 prodit.

286 3479 453 3539 venturum
489 3495 561 3539 eum
591 3494 662 3540 csse
696 3475 820 3540 dixerat
847 3476 1015 3560 Iphigenia
1043 3483 1142 3560 1080,
1177 3475 1291 3554 chorus
1318 3495 1391 3541 eum
1422 3471 1504 3555 ἅναξ

287 3577 435 3662 adpellat.
464 3584 588 3643 tamen
617 3587 727 3644 contra
755 3585 950 3644 constantem
977 3580 1139 3665 Euripidis
1168 3599 1260 3645 usum
1287 3587 1375 3645 tanto
1405 3598 1501 3665 opere

285 3681 346 3746 hoc
372 3689 500 3767 peccat,
532 3689 567 3747 55
593 3703 614 3747 5
636 3683 817 3748 5551555515
837 3704 900 3749 555
923 3683 1099 3749 abstineam
1122 3684 1209 3749 chori
1232 3683 1388 3749 distichon
1408 3684 1501 3750 inter-

286 3785 411 3876 cidisse.
457 3793 490 3851 at
521 3786 627 3852 hercle
662 3807 784 3852 summa
813 3787 969 3854 modestia
999 3787 1157 3872 agendum
1186 3789 1293 3853 estin
1323 3787 1502 3872 suspicione
1569 3837 1574 3850 .

286 3909 381 3972 555111
415 3911 478 3956 555
511 3892 584 3976 ipsa
616 3891 677 3956 1551
709 3899 824 3958 natura
857 3891 914 3958 sed
947 3893 999 3958 lex
1033 3913 1092 3978 per
1120 3894 1221 3959 solam
1248 3892 1502 3959 observationem

285 4000 414 4078 reperta
435 3996 611 4080 progenuit.
1333 3999 1344 4016 ⁸

332 4109 334 4113 ’
374 4097 518 4164 Tandem
541 4099 583 4165 ad
604 4119 759 4185 personas
782 4101 951 4166 sollemnes
974 4103 1191 4186 pervenimus,
1215 4103 1391 4184 exquibus
1414 4101 1500 4186 apud

285 4203 470 4288 Euripidem
502 4205 704 4270 inveniuntur
736 4204 890 4269 nuntius
918 4205 1029 4270 Helen.
1059 4210 1120 4272 597
1155 4205 1251 4291 (51155
1282 4213 1315 4272 55
1346 4205 1501 4272 barbarus

356 4377 383 4443 2)
402 4375 496 4430 Inanis
513 4376 600 4445 igitur
617 4379 659 4430 ost
677 4375 914 4446 grammaticorum
930 4375 1063 4430 dubitatio
1083 4376 1165 4430 schol.
1184 4377 1228 4430 Tr.
1245 4377 1296 4431 709
1316 4376 1348 4430 de
1361 4375 1503 4446 Talthybii

285 4478 413 4532 persona,
441 4463 488 4532 qui
515 4464 578 4515 ante
604 4463 758 4517 nominatus
782 4461 826 4516 hic
853 4462 951 4517 iterum
973 4462 1102 4532 procedit.
1138 4465 1257 4516 ceterum
1283 4479 1377 4518 versus
1396 4463 1446 4517 711
1465 4479 1500 4518 ne

286 4550 393 4620 spurius
412 4549 449 4604 sit
467 4563 566 4604 vereor.
586 4551 657 4604 certe
675 4548 807 4604 absurdus
827 4553 878 4605 ost.
