3666 5296
824 420 874 486 ru.
892 415 918 486 4.

440 609 501 694 φεῦ
523 610 601 693 φεῦ,
625 601 829 690 πέπρακται,
851 593 909 669 κοῦ
931 596 1168 688 καιώρθωνιαι
1188 597 1304 681 τέχναι,

439 709 617 792 δέσποινα,
640 715 698 798 τῆς
721 712 779 797 σῆς
801 705 1011 795 προσπόλου,
1035 710 1139 784 κακῶς
1161 706 1188 771 δ’
1211 701 1284 786 diret.

265 837 336 882 cum
367 817 473 882 nutrix
508 837 546 883 eo
576 815 729 882 audaciae
759 813 928 900 prooessit,
962 819 997 878 ut
1019 833 1054 879 se
1075 812 1293 896 gratissimum
1313 810 1482 878 Phaedrae

264 919 419 986 facturam
440 921 540 988 fuisse
562 921 694 1005 diceret,
726 919 755 986 si
776 916 970 1005 Hippolytus
993 917 1219 1001 consensisset,
1248 915 1397 982 Phaedra
1417 935 1482 982 non

264 1024 417 1090 infitiatur
450 1027 514 1091 tale
543 1026 675 1110 crimen,
709 1023 768 1091 sed
790 1022 966 1110 deprecans
992 1023 1098 1108 potius
1120 1041 1216 1104 quam
1237 1021 1409 1106 obiurgans
1436 1021 1483 1088 sic

264 1127 350 1194 fatur
373 1137 434 1194 701

420 1226 439 1322 ἦ
461 1232 521 1322 γὰρ
543 1229 654 1299 δίκαια
675 1237 777 1300 ταῦτα
799 1225 1020 1318 κᾶξαρκοῦνιά
1039 1257 1096 1315 μοι
1334 1309 1335 1312 ¹

417 1336 587 1424 τρώσασαν
608 1335 695 1427 ἡμᾶς
712 1331 783 1402 εἶτα
806 1376 849 1387 -
872 1335 908 1403 ἐκ
931 1341 993 1402 τῶν
1014 1331 1094 1403 ἴσων
1116 1328 1332 1426 ἀμφισβητεῖν

264 1443 310 1508 ita
330 1443 515 1528 scholiasta,
543 1444 598 1526 qui
626 1465 689 1509 non
710 1443 789 1528 legit
810 1442 896 1526 quod
918 1443 1044 1510 codices
1064 1445 1219 1529 praebent
1240 1463 1335 1510 sensu
1357 1462 1483 1510 cassum

267 1550 439 1630 συγχωρεῖν
468 1542 585 1630 λόγοις.
633 1547 714 1614 haec
746 1548 853 1614 omnia
885 1548 1036 1632 ambigua
1066 1568 1137 1614 csse
1163 1547 1247 1614 dixi:
1274 1548 1387 1614 melius
1411 1568 1482 1614 con-

265 1652 375 1716 venire
396 1651 564 1717 Phaedrae
586 1653 742 1737 gravioris
766 1653 879 1738 cnlpae
901 1653 1047 1719 consciae
1076 1673 1171 1736 quam
1198 1673 1219 1718 a
1246 1653 1369 1718 nutrice
1391 1651 1482 1718 deee-

265 1762 343 1840 ptae
372 1776 465 1822 nemo
492 1777 555 1822 non
582 1758 685 1822 sentit.
731 1757 789 1824 sed
815 1779 878 1824 non
904 1763 1011 1842 potest
1031 1777 1155 1823 summa
1177 1756 1363 1842 tragoediae
1386 1757 1483 1822 ambi-

266 1877 328 1942 gue
356 1868 494 1945 apoeta
517 1861 662 1946 exposita
685 1881 764 1928 esse.
809 1861 947 1946 agedum
969 1862 1198 1947 perlustramus
1222 1857 1370 1928 scaenam
1391 1881 1483 1946 prae-

268 1963 444 2049 cedentem,
468 1966 553 2047 quod
576 1966 604 2032 si
626 1966 677 2032 cui
699 1967 858 2052 copiosius
880 1965 995 2033 fecisse
1017 1965 1208 2050 videbimur,
1232 1972 1358 2051 reputet
1378 1961 1483 2050 velim,

267 2069 573 2158 praestantissimam
599 2091 769 2156 personam
797 2071 1093 2155 praestantissimae
1120 2070 1305 2155 tragoediae
1328 2070 1395 2154 agi,
1425 2090 1485 2136 nec

267 2179 301 2236 ut
321 2173 490 2258 intellegas
512 2166 589 2258 quid
610 2175 752 2259 tragicus
774 2181 870 2259 poeta
888 2175 1032 2241 voluerit·
1046 2175 1125 2242 satis
1145 2195 1216 2241 esse
1235 2175 1484 2258 grammaticam.

354 2277 503 2344 Phaedra
523 2286 692 2364 postquam
714 2299 773 2365 per
792 2279 924 2345 nutricis
947 2285 1033 2346 artes
1054 2286 1201 2364 permota
1223 2285 1328 2346 estut
1349 2299 1370 2344 a
1392 2279 1484 2345 silen-

267 2381 311 2446 tio
346 2402 408 2464 quo
443 2384 613 2450 scelestum
642 2403 782 2450 amorem
814 2382 950 2450 condere
983 2385 1129 2449 voluerat
1155 2382 1360 2468 descisceret,
1389 2383 1484 2450 choro

269 2505 486 2570 quaecumque
518 2493 628 2554 contra
656 2480 819 2554 libidinem
848 2488 1016 2573 temptavit
1039 2507 1078 2554 ex
1101 2487 1212 2554 ordine
1233 2494 1350 2553 namet
1397 2507 1485 2572 egre-

268 2590 320 2673 gio
342 2589 377 2655 id
399 2591 440 2656 ab
461 2591 614 2677 Euripide
635 2593 810 2658 institutum
833 2599 882 2659 est
903 2592 1044 2658 artificio.
1089 2591 1191 2657 donec
1211 2590 1246 2656 id
1260 2590 1346 2674 quod
1360 2591 1486 2656 unicum

269 2695 373 2760 animo
406 2696 555 2762 volvebat
589 2699 759 2782 occuleret,
798 2698 853 2763 vix
879 2698 967 2764 vocis
1001 2717 1119 2782 conpos
1158 2705 1239 2763 erat:
1272 2697 1371 2763 semel
1398 2695 1487 2763 fassa

268 2798 398 2884 longum
426 2821 465 2866 ac
491 2802 573 2867 bene
596 2802 786 2888 dispositum
808 2802 849 2869 de
870 2803 987 2868 virtute
1010 2809 1042 2868 ct
1062 2803 1140 2868 vitio
1162 2802 1260 2869 habet
1282 2797 1487 2885 napinam,-
1556 2789 1559 2794 ⁴

269 2904 310 2970 de
332 2905 461 2990 linguae
483 2907 619 2990 perfidia
641 2907 800 2993 queritur,
823 2928 919 2990 quam
940 2907 1035 2974 modo
1057 2907 1130 2992 ipsa
1152 2914 1286 2993 experta
1308 2915 1370 2990 est;
1398 2906 1486 2973 adul-

268 3017 354 3076 teras
377 3019 559 3096 execratur,
582 3033 665 3095 quae
688 3013 855 3096 quominus
877 3015 910 3078 in
933 2997 1043 3079 earum
1063 3033 1229 3078 numerum
1244 3011 1418 3078 descendat
1432 3012 1487 3078 vix

272 3135 307 3181 se
330 3117 484 3200 continet;
516 3117 634 3182 crimen
657 3119 757 3183 semel
779 3119 981 3186 commissum
1002 3138 1062 3184 nec
1083 3118 1150 3202 tegi
1171 3137 1268 3202 posse
1289 3137 1349 3184 nec
1363 3117 1487 3184 absolvi

270 3219 469 3305 declamitat,
493 3241 575 3304 quae
598 3223 717 3288 crimen
739 3222 867 3288 detexit.
904 3244 980 3289 num
996 3222 1100 3288 eidem
1113 3223 1210 3289 fidem
1224 3223 1393 3308 habemus,
1416 3243 1488 3289 cum

272 3322 377 3408 ψυχρὰ
401 3321 435 3388 ἐν
458 3329 613 3410 θερμοῖσι
636 3325 677 3392 de
699 3335 801 3392 morte
824 3327 964 3412 cogitat?
1008 3328 1200 3412 abrumpens
1224 3327 1355 3393 tandem
1374 3328 1488 3393 oratio-

202 3515 205 3524 Ι
235 3426 237 3430 ’
268 3448 342 3493 nem
375 3429 497 3494 utinam
523 3449 563 3495 ne
591 3451 740 3514 umquam
769 3431 802 3496 in
823 3430 980 3516 inpudicis
1003 3431 1159 3508 habeatur
1181 3437 1278 3516 optat.
1324 3439 1358 3497 at
1379 3432 1488 3498 volun-

269 3533 344 3598 tatis
376 3533 524 3599 firmitate
557 3555 620 3600 non
655 3534 787 3620 optandi
816 3535 936 3620 pietate
968 3555 1048 3621 opus
1081 3543 1130 3602 est
1162 3542 1272 3601 eontra
1299 3535 1488 3621 cupidinem,

270 3657 406 3719 raroque
428 3638 629 3722 possidemus
652 3639 693 3704 de
716 3659 780 3722 qua
801 3640 891 3704 multi
913 3659 1022 3706 sumus
1042 3640 1198 3706 virtutem.
1236 3628 1292 3706 ubi
1305 3640 1389 3706 Aiax
1404 3647 1488 3706 tran-

270 3741 368 3822 quille
399 3742 565 3808 Hamletus
600 3742 751 3808 audacter
774 3743 896 3810 'lassus
931 3745 1159 3828 circumspecte
1190 3764 1225 3810 se
1256 3751 1383 3810 acturos
1418 3764 1489 3810 esse

269 3845 376 3912 multis
409 3847 610 3931 promittunt,
649 3867 850 3930 nequaquam
886 3846 1044 3914 credimus
1078 3848 1207 3932 ingenia
1241 3868 1351 3914 eorum
1384 3849 1488 3914 subito

269 3949 437 4015 immutata
459 3971 543 4018 esse:
567 3948 781 4034 περιπέτειαν
800 3951 1059 4037 adpropinquare
1074 3953 1236 4018 sentimus
1264 3953 1372 4035 itaque
1387 3953 1488 4018 Phae·

271 4053 363 4119 dram
385 4075 511 4138 quoque
534 4055 679 4138 quamvis
701 4057 827 4122 virtutis
850 4064 1008 4137 amantem
1030 4057 1169 4123 instante
1185 4057 1376 4141 praesertim
1390 4057 1486 4122 nutri-

274 4263 411 4346 denique
444 4264 584 4330 divinam
619 4265 708 4330 illam
742 4286 903 4350 scaenam,
947 4286 1011 4348 qua
1047 4265 1197 4332 Phaedra
1234 4286 1343 4332 amore
1380 4265 1490 4332 saucia

272 4389 386 4452 nomen
413 4369 481 4434 eius
509 4389 604 4452 quem
632 4369 756 4456 deperit
778 4370 911 4455 t'atetur,
945 4370 979 4435 in
1001 4371 1169 4456 Hippolyti
1198 4371 1339 4436 fabulam
1361 4369 1491 4436 admisit

273 4472 455 4557 Euripides,
493 4474 555 4539 nisi
587 4481 622 4538 ut
654 4481 859 4559 proponeret,
899 4474 1057 4556 quomodo
1090 4476 1203 4542 mulier
1234 4482 1344 4541 contra
1370 4474 1488 4541 amoris

272 4577 456 4643 violentiam
494 4597 607 4662 parum
636 4578 737 4646 'tortis
771 4577 999 4664 pedetemptim
1035 4585 1066 4645 et
1098 4580 1190 4662 quasi
1215 4600 1274 4664 per
1299 4579 1419 4666 gradus
1445 4577 1490 4644 ad

1204 4683 1267 4753 14*
