3594 5292
796 387 818 442 Ι.
836 391 861 444 u
1402 385 1437 442 59

312 562 361 627 iix
382 561 562 628 Hercule
585 580 655 628 cum
678 562 803 628 omnino
825 567 891 628 tum
914 583 935 627 a
957 582 974 628 c
997 571 1123 646 quoque
1141 562 1245 628 minus
1268 559 1438 627 crudeliter

219 672 351 732 vastata
372 665 552 732 adscribam
574 667 731 732 canticum
758 666 843 750 quod
863 669 1022 750 integrum
1043 687 1083 733 ex
1098 666 1207 732 eodice
1221 667 1293 752 ipso
1308 665 1438 750 sumpsi,

218 777 257 836 ut
279 791 341 837 nno
357 771 471 837 saltem
488 771 646 856 exemplo,
670 777 824 853 quatenus
839 792 898 856 per
912 771 1083 838 humanam
1097 791 1225 836 manum
1238 769 1308 836 ficri
1321 775 1437 854 potest,

217 876 319 960 plena
341 876 409 942 eius
431 881 505 941 ante
528 877 637 942 oeulos
658 879 794 961 ponatur
815 877 930 960 imago.
975 882 1009 942 at
1030 882 1201 959 antequam
1223 873 1266 940 ad
1286 873 1366 940 illud
1384 893 1436 939 mc

218 985 420 1065 convertam,
451 981 594 1046 liberabo
621 1001 736 1046 nomen
765 979 894 1046 fabulae
922 981 1052 1066 indigno
1078 979 1295 1046 additamento
1324 971 1437 1060 μαινό-

217 1105 333 1166 μενος,
373 1084 458 1167 quod
488 1085 582 1150 nimis
608 1085 662 1150 diu
687 1085 787 1150 critici
808 1085 990 1152 tolerarunt.
1034 1085 1173 1168 tragicm
1195 1102 1292 1149 unum
1314 1087 1435 1148 tantum

217 1209 336 1254 nomen
368 1187 543 1273 tragoediis
571 1189 771 1274 inscripsisse
800 1209 871 1254 cum
900 1191 982 1255 ratio
1011 1195 1078 1254 tum
1107 1207 1184 1255 usus
1216 1187 1316 1253 docet.
1364 1205 1435 1252 cum

218 1299 330 1358 autem
351 1293 487 1377 eandem
509 1313 679 1378 personam
702 1295 795 1360 alteri
816 1294 1002 1378 tragoediae
1023 1293 1197 1360 inscribere
1211 1291 1344 1374 vellent,
1366 1290 1436 1356 fieri

216 1397 334 1482 potuit,
367 1403 402 1462 ut
431 1397 588 1480 adiectivo
619 1403 794 1483 uterentur,
824 1418 1016 1482 quamquam
1049 1397 1136 1483 apud
1157 1395 1351 1482 Aeschylum
1376 1413 1436 1460 nec

218 1501 344 1568 Glauco
384 1522 444 1568 nec
476 1501 666 1569 Prometheo
703 1504 862 1588 satyricae
893 1502 1089 1569 didascaliae
1119 1521 1277 1586 agnomen
1308 1498 1436 1564 aliunde

216 1611 333 1672 notum
373 1605 510 1691 addunt,
551 1613 596 1691 et,
642 1605 899 1690 quandoquidem
934 1607 1100 1693 Sophoclis
1131 1605 1340 1672 Philoctetam
1375 1608 1438 1666 409

217 1707 347 1776 doctam
369 1716 443 1795 post
463 1711 670 1777 Philoctetam
687 1711 722 1777 in
738 1713 835 1778 Troia
856 1713 1066 1798 conscriptam
1084 1731 1159 1792 esse
1180 1711 1275 1794 longe
1289 1707 1435 1793 probabi-

216 1813 375 1880 lissimum
407 1821 469 1900 est,
504 1815 558 1881 vel
591 1815 671 1882 duas
703 1815 829 1882 tabulas
862 1817 1065 1901 cognomines
1098 1821 1209 1882 extare
1239 1813 1329 1899 passi
1362 1829 1435 1877 esse

216 1918 375 1986 ridentur,
434 1919 511 2002 quid
554 1920 639 2004 quod
676 1921 869 2008 Aeschylum
905 1921 1052 2006 trilogiae
1089 1915 1273 2005 Προμηθέα
1312 1921 1436 1982 tantum

216 2023 420 2109 inscripsisse
441 2045 506 2089 non
528 2023 686 2093 distinctis
715 2025 848 2110 singulis
871 2025 1045 2110 tragoediis
1066 2023 1154 2090 haud
1175 2022 1314 2089 absurde
1335 2019 1435 2086 conici

216 2131 334 2214 potest.
379 2134 413 2193 at
441 2130 640 2213 grammatici
669 2132 852 2196 neccssaria
875 2131 968 2214 signa
988 2128 1193 2213 addiderunt,
1223 2147 1288 2193 non
1310 2125 1436 2209 semper

218 2233 467 2318 consentientes,
499 2234 587 2300 cuius
614 2235 820 2300 memorabile
846 2234 1067 2300 documentum
1089 2233 1197 2298 Aiacis
1216 2235 1436 2316 argumentum

214 2342 355 2422 prostat3
384 2335 542 2404 interdurn
572 2340 712 2404 numeris
742 2338 880 2404 contenti
906 2337 1005 2404 tuisse
1023 2337 1188 2422 videntur,
1215 2341 1249 2401 at
1269 2333 1356 2420 apud
1378 2333 1436 2400 So·
1506 2379 1509 2388 ,

214 2441 365 2526 phoclem
401 2447 539 2527 mutum,
579 2444 668 2509 cuius
702 2443 797 2508 binae
831 2447 1046 2509 memorantur
1080 2441 1203 2517 Phinei¹
1228 2439 1436 2505 Athamantes

217 2545 397 2632 Thyestae,
421 2567 614 2630 quamquam
630 2547 789 2633 Thyestes
810 2547 906 2613 etiam
929 2567 969 2612 cx
992 2546 1087 2631 loeis,
1109 2547 1143 2612 in
1165 2545 1279 2628 quibus
1294 2561 1347 2609 res
1361 2559 1435 2626 age-

212 2651 348 2735 bantur,
371 2650 615 2735 distinguebant.
649 2651 702 2718 hic
722 2651 895 2737 prudenter
917 2649 1061 2716 additum
1076 2650 1232 2736 reperitur
1246 2641 1437 2730 μαινόμενος
1546 2734 1547 2737 ¹

215 2774 345 2838 quoque
352 2805 362 2840 ,
386 2755 506 2822 scilieet
519 2763 555 2821 ut
566 2750 735 2833 Ὀδυσσεὺς
749 2753 943 2838 μαινόμενος
962 2762 995 2821 et
1009 2745 1227 2841 α’κανθοπλήξ
1240 2753 1435 2835 distinguan-

213 2865 275 2926 tur.
312 2879 394 2943 quae
415 2859 501 2946 apud
515 2859 709 2946 Aeschylum
724 2859 977 2946 Sophoclemque
997 2866 1127 2946 propter
1141 2860 1281 2925 laceram
1296 2876 1378 2940 quae
1393 2854 1436 2920 ad

212 2983 275 3030 nos
291 2963 437 3047 pervenit
451 2964 653 3032 traditionem
667 2967 789 3031 incerta
803 2964 907 3032 videri
917 2971 1059 3051 possunt,
1074 2963 1161 3050 apud
1171 2961 1356 3049 Euripidem
1367 2980 1435 3026 cer-

213 3068 339 3135 tissima
353 3074 435 3135 sunt.
471 3090 546 3135 nam
560 3070 728 3156 Iphigenia
749 3077 781 3136 et
802 3071 933 3138 Alcmeo
948 3071 1068 3137 alterae
1082 3073 1304 3155 postmortem
1318 3072 1433 3152 poetae

214 3172 330 3240 doctae
345 3179 427 3259 sunt,
443 3180 566 3241 restant
580 3169 772 3253 Ἱππόλυτος
787 3169 1028 3258 καλυπτόμενος
1043 3181 1075 3242 et
1090 3167 1344 3262 στεφανηφόρος,
1363 3172 1434 3234 Me·

212 3273 363 3364 λανίππη
384 3277 471 3366 σοφή
497 3283 530 3345 et
551 3279 731 3361 δεσμιῦτις;
757 3274 1001 3362 καλυπτόμενον
1020 3287 1056 3346 ut
1069 3281 1216 3366 'priorem
1236 3276 1435 3362 tragoediam

215 3402 282 3448 non
310 3381 380 3467 ipse
408 3383 455 3448 ita
475 3383 614 3468 vocavit,
645 3404 748 3468 neque
768 3385 910 3469 profecto
935 3378 1055 3472 σοφήν,
1084 3384 1169 3468 quod
1191 3405 1254 3450 non
1279 3382 1348 3450 sine
1369 3381 1437 3447 irri-

215 3485 307 3552 sione
330 3486 468 3569 quadam
490 3486 610 3555 dictum
632 3495 688 3555 est.
734 3489 858 3572 reliqua
879 3489 920 3555 ab
942 3491 1013 3575 ipso
1032 3489 1177 3574 profecta
1198 3506 1270 3554 esse
1290 3491 1433 3571 possunt,

215 3587 423 3676 (quamquam
442 3590 503 3658 hoc
524 3591 691 3658 medicari
708 3593 846 3681 nequit),
871 3599 956 3660 certe
976 3599 1053 3679 apta
1072 3599 1145 3660 sunt
1165 3591 1361 3676 cognomina.
1401 3595 1436 3656 at

214 3694 373 3760 constanti
400 3693 460 3760 hoc
491 3715 552 3762 usu
572 3691 730 3784 Ἡρακλῆς
756 3695 948 3779 μαινόμενος
975 3697 1153 3764 damnatur.
1205 3714 1310 3780 neque
1337 3712 1435 3777 saepe

216 3797 365 3864 Herculis
388 3797 456 3864 fata
478 3799 652 3884 tragoediis
675 3801 933 3886 celebrabantur,
956 3802 1064 3884 itaque
1086 3822 1127 3868 ne
1148 3789 1223 3868 inde
1238 3797 1367 3882 quidem
1382 3817 1434 3863 ex-

216 3901 412 3968 eusationem
428 3909 539 3987 petere
553 3905 667 3988 possis.
702 3910 791 3970 extat
805 3911 921 3990 tamen,
944 3907 973 3972 si
987 3905 1110 3974 indices
1125 3904 1256 3988 evolvis,
1272 3901 1435 3968 consimile

216 4006 397 4091 exemplum
415 3999 576 4096 Ἡρακλῆς
603 4004 661 4073 ἐπὶ
688 4002 838 4095 Ταιρόρῳ
866 4009 1039 4095 Sophoclis.
1092 4016 1126 4075 at
1153 4008 1213 4075 hoc
1234 4007 1318 4074 male
1337 4005 1434 4072 finxe-

216 4115 291 4175 runt
313 4109 518 4195 recentiores3
539 4113 720 4179 testimonia
736 4107 913 4198 Ἡρακλέα,
932 4109 1181 4197 Ἡροκλεΐοκονξ,
1207 4109 1266 4177 ἐπὶ
1290 4103 1437 4195 Ταινάρῳ

223 4213 275 4279 vel
290 4209 534 4316 ἒπιραιναρίους
553 4210 709 4297 σατύρους
730 4222 852 4282 norunt,
888 4217 966 4282 nihil
980 4218 1087 4284 verius
1103 4217 1325 4301 antiquiusque
1341 4235 1436 4299 quam

217 4313 276 4382 ἐπὶ
300 4310 451 4402 Ταινάρῳ
473 4315 624 4404 curvom,-
649 4326 758 4386 notum
781 4303 894 4405 opinor
919 4327 980 4405 est,
1004 4322 1179 4406 legitimum
1200 4321 1328 4388 fabulae
1351 4327 1435 4408 saty-

220 4419 307 4487 ricae
328 4440 445 4488 nomen
468 4415 623 4510 οατόροος
642 4445 706 4490 non
722 4421 893 4510 σατυρικὴν
908 4443 993 4509 esse;
1016 4423 1201 4512 (satyricam
1215 4425 1357 4492 fabulam
1371 4446 1435 4492 non

220 4519 377 4611 σατύρους
404 4525 463 4594 sed
494 4519 629 4616 σάτυρον
653 4525 731 4596 dicit
751 4528 893 4596 Demetr.
921 4527 1170 4620 deeloc.169,
1203 4531 1232 4598 si
1260 4530 1341 4600 fides
1362 4531 1435 4604 libri
