3626 5288
377 437 428 492 136
942 435 978 490 Π.
998 437 1022 490 1.

378 632 451 678 esse
479 612 656 678 creduntur„
709 616 741 675 et
767 610 989 694 Aristophanis
1018 608 1146 690 quidem
1174 607 1316 673 delectus
1339 607 1458 674 Suidae
1486 613 1591 672 aetate

378 715 500 782 eisdem
529 715 642 796 quibus
673 713 769 780 hodie
803 715 1007 780 coercebatur
1037 713 1160 778 linibus.
1217 711 1397 778 Troadibus
1425 718 1458 776 et
1474 683 1591 798 {Rheso

379 817 559 884 addendam
573 838 655 884 esse
678 817 821 884 Bacchas
843 819 908 882 iam
931 838 1028 902 supra
1046 816 1152 881 monui
1173 821 1205 881 et
1226 835 1304 880 mox
1324 816 1396 880 aliis
1417 816 1591 880 rationibus

378 922 528 1005 probabo.
581 927 721 988 ceterum
749 942 824 986 num
853 942 893 986 ex
916 921 976 986 hoc
997 920 1122 986 delectu
1141 919 1235 985 ullius
1257 925 1372 1004 poetae
1398 919 1464 983 ulla
1484 919 1593 984 fabula

378 1031 452 1108 post
474 1025 635 1090 saeculum
658 1025 827 1108 septimum
850 1026 933 1090 lecta
955 1045 975 1088 a
997 1023 1147 1107 quopiam
1170 1024 1226 1107 sit,
1250 1022 1375 1107 dubito,
1395 1029 1468 1107 post
1484 1042 1591 1088 saecu-

291 1155 296 1168 ·
379 1127 444 1192 lum
466 1127 623 1194 decimum
645 1127 763 1194 factum
787 1127 820 1192 id
841 1148 913 1194 esse
933 1148 1024 1210 nego.

466 1231 627 1296 Hactenus
647 1232 754 1296 omnia
775 1232 872 1315 plana
894 1237 926 1296 et
949 1250 1066 1314 aequa,
1090 1237 1122 1296 et
1144 1230 1289 1312 quamvis
1312 1250 1332 1294 a
1354 1229 1462 1295 multis
1476 1230 1592 1313 partim

378 1333 537 1417 neglecta,
567 1354 587 1398 a
613 1334 724 1418 peritis
750 1333 818 1400 fere
847 1335 1009 1400 intellecta
1038 1340 1135 1399 erant.
1148 1323 1163 1416 ,¹¹
1192 1341 1225 1398 at
1249 1333 1403 1398 habemus
1434 1353 1496 1398 uno
1523 1353 1615 1398 sae-¹

263 1457 271 1474 ²
379 1437 441 1502 culi
463 1435 531 1502 fere
553 1435 734 1502 duodecimi
758 1437 868 1504 codice
884 1443 1029 1503 servatas
1045 1436 1207 1521 Euripidis
1223 1435 1334 1502 decern
1348 1436 1490 1519 fabulas,
1513 1455 1592 1518 quas

378 1560 460 1606 unus
488 1546 521 1604 et
550 1540 632 1605 alter
651 1541 733 1605 inter
754 1542 979 1624 grammaticos
1002 1541 1195 1626 Byzantinos
1218 1540 1371 1605 adhibuit.
1415 1539 1501 1604 unde
1522 1560 1592 1623 pro-

378 1643 558 1708 venerunt?
601 1643 709 1709 nesdo
731 1664 773 1708 an
792 1664 885 1710 nemo
909 1644 1055 1710 subtilius
1070 1644 1154 1708 hanc
1169 1643 1386 1726 quaestionem
1402 1643 1592 1708 tractaverit.

344 1817 347 1835 ι
379 1746 487 1811 dicunt
515 1746 583 1812 fere
613 1767 653 1811 ex
681 1747 835 1832 ampliore
867 1747 992 1812 delectu
1012 1747 1072 1812 has
1094 1747 1219 1812 fabulas
1242 1766 1421 1831 superesse.
1467 1752 1501 1810 at
1523 1747 1593 1828 quis

340 1851 345 1914 ζ
379 1850 536 1934 Antiopae
562 1850 717 1914 Helenam
749 1851 819 1932 quis
842 1851 1025 1916 Alexandro
1047 1850 1237 1916 Heraclidas
1260 1850 1485 1934 praetulisset?
1528 1850 1593 1934 ple-

378 1953 468 2034 rique
504 1953 650 2018 sortunae
687 1955 873 2019 caecitatem
909 1955 1062 2020 incusant.
1113 1959 1147 2018 at
1183 1954 1237 2036 qui
1267 1952 1426 2018 fortunam
1458 1953 1593 2036 invocat,

378 2056 493 2120 rationi
525 2055 687 2121 valedixit.
703 2030 721 2115 f
738 2063 845 2122 tamen
874 2058 1044 2141 contendo,
1078 2057 1132 2122 via
1159 2076 1197 2122 ac
1230 2057 1352 2122 ratione
1376 2057 1461 2122 viros
1484 2056 1594 2122 doctos

378 2159 418 2224 ab
451 2158 512 2223 hac
546 2159 732 2241 quaestione
759 2161 965 2244 abstinuisse,
1001 2160 1063 2225 nisi
1091 2161 1182 2225 novis
1207 2161 1292 2225 enim
1314 2160 1433 2244 apertis
1455 2159 1594 2226 lontibus

378 2262 459 2326 solvi
492 2263 657 2346 nequibat,
698 2282 774 2346 ergo
812 2263 967 2328 mittenda
1003 2270 1082 2329 erat.
1102 2247 1118 2334 i
1140 2263 1233 2328 solvit
1260 2283 1331 2328 eam
1359 2264 1492 2328 multum
1518 2262 1595 2328 mihi

380 2363 528 2430 laudatus
562 2365 663 2434 codex
682 2366 914 2432 Laurentianus
940 2363 1056 2450 32,'2;
1089 2386 1193 2450 neque
1223 2367 1250 2432 si
1280 2365 1456 2432 Bandinius
1486 2367 1594 2450 paullo

378 2467 550 2534 studiosius
573 2470 674 2536 lectus
697 2476 796 2554 esset,
827 2470 955 2536 relictus
988 2470 1065 2534 mihi
1086 2477 1172 2538 esset
1194 2470 1245 2535 hic
1266 2469 1448 2553 thesaurus,
1475 2489 1595 2554 parvus

380 2571 521 2656 quidem,
555 2578 589 2638 at
608 2573 737 2640 solidus.
782 2571 958 2639 Bandinius
981 2574 1078 2638 alium
1100 2573 1243 2640 ordinem
1266 2579 1361 2656 atque
1382 2593 1443 2656 quo
1468 2573 1595 2640 fabulae

378 2676 411 2740 in
445 2674 554 2742 codice
585 2696 619 2742 se
649 2676 810 2761 excipiunt
843 2677 982 2742 numeris
1013 2676 1168 2760 adpositis
1204 2676 1338 2742 indicari
1362 2676 1455 2759 dixit,
1490 2696 1594 2759 neque

378 2778 478 2844 salsus
502 2784 558 2845 est.
603 2799 695 2845 suum
716 2780 828 2862 cuique
847 2781 976 2846 fabulae
998 2800 1164 2846 numerum
1184 2781 1355 2866 adscripsit
1369 2781 1402 2846 in
1418 2779 1523 2864 capite
1539 2786 1594 2845 ant

354 2873 487 2963 (scriba
508 2882 578 2966 ipse
602 2888 656 2948 aut
673 2882 701 2948 is
725 2884 779 2965 qui
802 2890 989 2968 argumenta
1010 2903 1282 2968 personarumque
1303 2882 1441 2948 indicem
1457 2882 1594 2948 addidit:

380 2984 405 3050 0
434 2990 489 3049 ant
511 2983 567 3068 023
600 3005 640 3050 ex
670 2985 843 3071 archetypo
869 2987 975 3070 igitur.
1021 2993 1055 3052 at
1077 2977 1128 3052 bis
1149 2987 1284 3070 erravit;
1314 2987 1347 3050 in
1371 2985 1470 3052 Rhesi
1490 2987 1594 3072 capite

379 3082 405 3171 η’
435 3093 555 3152 rectum
583 3108 748 3154 numerum
778 3109 818 3154 ex
849 3083 872 3168 ζ
901 3110 995 3172 quem
1018 3110 1095 3156 casu
1117 3097 1282 3174 posuerat,
1318 3089 1472 3156 correxit:
1506 3097 1541 3156 at
1561 3090 1593 3154 in
1691 3145 1694 3150 Α

381 3189 517 3256 Bacchis
538 3183 574 3254 θ’
597 3191 629 3256 in
652 3211 770 3276 magna
792 3193 888 3258 litura
914 3195 1075 3278 scriptum.
1114 3192 1181 3258 dixi
1196 3213 1293 3277 snpra
1315 3192 1460 3258 Bacchas
1475 3214 1538 3258 non
1554 3213 1594 3258 cr

383 3297 414 3355 Φ
443 3299 601 3378 sumptam
630 3294 741 3362 videri.
794 3315 986 3379 quamquam
1016 3317 1086 3362 cum
1117 3297 1231 3379 reliqui
1253 3297 1376 3362 numeri
1395 3295 1539 3364 Bacchas
1561 3297 1593 3362 in

380 3415 509 3462 censum
538 3404 664 3483 vocent,
698 3399 767 3464 fieri
795 3405 913 3484 potest,
948 3407 999 3484 ut,
1029 3402 1062 3465 in
1092 3401 1238 3466 seiuncta
1259 3400 1416 3484 particula
1438 3401 1593 3483 nimirum,

380 3500 493 3566 cadem
526 3521 680 3586 compage
710 3507 741 3565 (D
766 3503 841 3568 olim
871 3503 1010 3569 cohibita
1040 3505 1094 3587 sit,
1126 3503 1212 3586 quod
1245 3503 1287 3568 ad
1310 3523 1465 3569 summam
1489 3523 1593 3569 rerum

379 3603 496 3670 nullius
531 3606 681 3671 momenti
705 3612 762 3674 est.
808 3607 885 3672 ordo
920 3627 1015 3689 quem
1037 3608 1083 3673 ita
1105 3607 1255 3672 docemur
1286 3607 1338 3672 hic
1365 3613 1427 3673 est:
1463 3607 1594 3674 Herebo

383 3707 504 3772 Orestes
525 3708 719 3774 Phoenissae
739 3709 938 3793 Hippolytes
959 3711 1079 3776 Medea
1100 3711 1237 3777 Alcestis
1259 3709 1487 3776 Andromacho
1510 3711 1593 3775 Rbe-

379 3833 435 3877 sos
468 3812 618 3878 Bocchus
646 3813 772 3878 Haterio
802 3814 935 3879 Electra
962 3815 1117 3881 Hercules
1146 3815 1341 3881 Heraclidae
1374 3811 1506 3897 (hjclops
1533 3815 1594 3878 Ion

381 3913 547 3998 Supplices
561 3916 757 3999 Ipbipeaioe.
794 3918 958 3985 Palatinus
974 3939 1121 3986 numeros
1144 3919 1257 4003 omisit,
1281 3918 1339 3985 sed
1353 3937 1416 3983 non
1432 3919 1592 4001 neglexit3

379 4020 486 4106 posuit
517 4020 600 4085 enim
634 4040 704 4085 cum
737 4041 777 4087 ex
807 4020 943 4089 diversis
972 4023 1155 4108 archetypis
1185 4042 1243 4088 sua
1265 4009 1433 4088 consueret
1453 4021 1594 4088 Rhesum

379 4124 488 4189 Ionem
502 4123 686 4208 Iphigenias
700 4130 774 4209 post
794 4125 975 4211 Supplices,
999 4127 1134 4193 alterum
1149 4125 1290 4193 codicem
1305 4125 1458 4192 divellere
1472 4126 1593 4209 nolens,

379 4227 425 4292 uti
443 4226 569 4293 Rhesus
591 4247 655 4292 non
677 4247 735 4294 suo
757 4228 827 4326 loco
849 4236 1034 4314 poneretur,
1062 4231 1197 4297 alterum
1219 4250 1296 4296 vero
1319 4228 1476 4296 divellens
1499 4235 1534 4294 ut
1552 4222 1593 4307 ις’

380 4323 417 4393 ιε’
442 4324 480 4408 ιζ
504 4323 546 4414 ιη’
570 4330 840 4415 coniungerentur.

467 4434 505 4498 In
528 4433 611 4500 serie
632 4433 828 4521 fabularum,
857 4437 960 4520 qualis
979 4437 1042 4502 iam
1064 4437 1156 4504 nobis
1179 4437 1369 4521 comparuit,
1400 4436 1480 4502 duas
1501 4437 1596 4502 facile

381 4535 588 4605 discernimus
608 4539 745 4634 classes,
776 4540 878 4609 altera
900 4541 941 4606 ab
963 4541 1094 4618 Hecuba
1117 4541 1160 4609 ad
1181 4540 1321 4607 Rhesum
1344 4539 1488 4608 delectus
1502 4541 1594 4610 nobis
