3666 5296
350 365 403 420 111
593 432 595 436 ,
897 361 950 452 111.
969 361 994 418 4.

345 545 435 606 estne
465 539 629 624 probabile
662 539 695 604 in
721 537 879 603 locutione
906 535 1034 602 insolita
1062 536 1281 622 interpolatori
1307 558 1378 604 cum
1405 533 1556 619 Euripide

345 644 535 720 eonvenire?
578 643 716 727 aceedit,
747 641 833 725 quod
863 641 949 706 nullo
971 640 1066 707 modo
1090 642 1292 727 perspicitur,
1323 641 1400 725 quid
1421 642 1557 723 interpo-

276 779 278 783 ⁴
345 750 427 814 lator
448 748 511 814 illis
534 747 679 814 versibus
701 747 756 812 illc
775 747 845 812 loco
868 745 981 830 positis
997 746 1140 812 voluerit.
1174 747 1297 812 cautius
1311 747 1408 830 igitur
1424 745 1558 810 facimus

346 853 400 937 qui
422 851 582 936 Euripidis
611 852 710 918 verba
740 871 796 918 suc
821 851 891 916 loco
913 856 1001 916 mota
1023 850 1193 936 credimus,
1225 850 1337 917 eodem
1358 849 1474 916 iudicio
1496 866 1559 930 quo

346 977 445 1043 supra
477 962 731 1023 11416-481
773 975 830 1022 111
863 956 933 1021 1111
968 954 1180 1022 restituendos
1218 955 1409 1021 sustulimus.
1465 952 1561 1019 etiam

345 1063 492 1128 lacunam
513 1061 699 1128 invenimus.
745 1059 822 1143 quid
843 1061 872 1126 si
894 1059 1035 1126 disiectis
1056 1059 1120 1126 illis
1134 1059 1285 1126 membris
1300 1059 1461 1144 repletur?
1486 1075 1561 1123 num

347 1167 428 1232 forte
450 1164 604 1249 Euripide
632 1165 713 1230 haee
743 1163 865 1248 digna?
909 1162 1059 1230 Phaedra
1085 1183 1187 1247 paene
1209 1165 1295 1230 vieta
1317 1165 1392 1246 quia
1411 1162 1563 1228 indecora

348 1271 453 1357 potius
484 1289 579 1353 quam
603 1270 678 1352 quia
698 1269 867 1335 inhonesta
890 1269 1115 1344 suntnutricis
1142 1269 1231 1334 reicit
1254 1269 1425 1353 proposita.
1468 1285 1562 1349 quam

295 1401 297 1404 ·
348 1395 420 1441 cum
457 1374 564 1439 nutrix
599 1373 755 1439 intellexit
789 1373 896 1459 specie
927 1372 1130 1457 turpitudinis
1162 1373 1361 1458 potissimum
1391 1370 1562 1438 absterreri

347 1479 543 1545 involucrum
569 1479 676 1564 paullo
705 1479 879 1563 speciosius
908 1477 1135 1570 circumspicit;
1165 1477 1262 1542 dubia
1283 1477 1461 1543 etiamnunc
1482 1475 1562 1560 phil-

348 1590 467 1650 trorum
498 1586 689 1648 mentionem
714 1583 810 1648 inicit.
856 1589 923 1647 tum
944 1581 1112 1648 Phaedrae
1143 1602 1217 1666 spes
1244 1582 1349 1648 subito
1377 1579 1562 1663 effulgescit,

348 1687 418 1753 fieri
450 1706 546 1772 posse
578 1693 613 1752 ut
638 1687 831 1772 Hippolytus
858 1687 1099 1752 incantamentis
1127 1686 1301 1753 fascinatus
1327 1686 1448 1770 primus
1479 1700 1562 1748 amo-

348 1811 416 1858 rem
450 1791 511 1858 sibi
550 1790 671 1857 afferat.
725 1791 861 1857 amantis
888 1791 1029 1858 mulieris
1062 1791 1167 1858 animo
1193 1797 1385 1856 momentum
1412 1788 1563 1873 temporis
1661 1863 1666 1872 1

261 1908 263 1912 ’
349 1895 477 1980 sufficit,
500 1901 535 1961 11
556 1895 663 1961 omnia
684 1914 766 1978 quae
785 1895 855 1962 fieri
876 1895 1000 1980 possint
1014 1895 1206 1980 cogitatione
1221 1895 1373 1980 pervolet.
1406 1915 1467 1975 per
1475 1891 1563 1974 phil·
1613 1884 1617 1892 ’

349 2006 402 2066 tra
424 2002 546 2066 secat
563 2021 711 2082 possem,
733 2001 860 2085 cogitat,
882 1999 1079 2083 Htppotqtes
1094 2021 1234 2066 umorem
1247 1997 1565 2098 obtumescere

349 2105 521 2184 redebitum
553 2111 659 2171 tumea
695 2094 730 2169 ih
759 2127 793 2170 eo
824 2105 1000 2188 difficultas
1021 2107 1117 2182 tuest,
1148 2107 1233 2188 qaod
1254 2107 1300 2170 od
1319 2103 1566 2186 fascinationem

350 2209 442 2292 sipoto
465 2209 572 2292 aitque
594 2209 805 2276 adolescentis
825 2232 917 2292 quem
939 2212 1068 2292 depereo
1087 2231 1165 2291 opas
1187 2216 1239 2276 est.
1285 2209 1344 2274 hoc
1365 2229 1428 2274 non
1443 2213 1509 2273 tam
1524 2204 1566 2269 ad

351 2315 505 2380 nutricem
533 2315 578 2379 ait
606 2334 702 2397 quam
727 2315 892 2400 insperata
920 2315 1031 2382 salutis
1060 2315 1211 2380 facultate
1234 2315 1379 2380 exultans
1402 2313 1467 2378 alta
1488 2330 1566 2376 voce

351 2417 478 2501 cogitat.
533 2419 639 2483 nutrix
678 2439 741 2484 non
774 2419 998 2503 praetermittit
1030 2421 1246 2496 occasionem,
1285 2438 1350 2500 qua
1381 2417 1567 2482 titubantem

351 2523 446 2608 plane
484 2521 639 2607 profliget.
690 2524 817 2588 simulat
844 2529 973 2607 praesto
996 2524 1057 2590 sibi
1080 2543 1151 2590 esse
1173 2523 1303 2608 philtra,
1332 2528 1367 2586 11
1388 2522 1451 2586 ista
1472 2539 1568 2602 quam

352 2625 502 2692 Phaedra
515 2627 627 2692 metuit
640 2628 884 2712 praeparatione
899 2649 962 2694 non
977 2648 1057 2713 opus
1074 2629 1122 2694 sit.
1150 2628 1245 2694 sentit
1254 2625 1401 2692 fraudem
1410 2623 1568 2706 Phaedra,

353 2731 486 2816 resistit,
515 2731 651 2797 infracta
672 2738 778 2798 tamen
805 2732 966 2818 firmitate,
996 2732 1126 2798 tandem
1149 2738 1300 2818 superata
1321 2750 1429 2796 amore
1451 2729 1569 2796 circum

353 2842 450 2902 venta
470 2836 563 2902 lenae
584 2836 719 2903 fallaciis
743 2837 896 2919 quidquid
918 2837 974 2902 illa
996 2838 1156 2903 constituit
1177 2837 1247 2902 fieri
1270 2836 1351 2902 sinit.
1389 2834 1467 2899 mihi
1488 2833 1569 2898 haec

355 2945 432 3025 apta
453 2939 613 3024 videntur;
643 2940 702 3007 sed
723 2941 796 3006 nolo
818 2941 919 3008 fusius
937 2940 972 3006 id
992 2942 1154 3026 persequi,
1182 2961 1222 3006 ne
1245 2940 1338 3006 nimis
1359 2936 1471 3004 videar
1492 2936 1570 3002 mihi

354 3045 424 3129 ipse
446 3045 582 3129 placere.
626 3044 766 3111 iudicent
793 3046 1013 3130 intellegentes
1039 3066 1077 3111 ac
1103 3046 1249 3112 benevoli
1276 3044 1506 3112 existimatores
1529 3062 1569 3107 ex

354 3149 433 3234 ipsis
456 3148 615 3234 Euripidis
637 3150 781 3216 versibus
1120 3146 1123 3156 ’

491 3307 585 3370 ΦΑΙ.
630 3307 715 3371 τοῦτ’
739 3299 813 3372 ἔσθ’
839 3301 857 3372 ὃ
880 3309 1008 3393 θνητῶν
1029 3297 1065 3370 ad
1087 3303 1201 3384 πόλεις
1223 3301 1411 3388 οἰκουμένας

601 3472 604 3478 .
629 3402 738 3487 ὀἴκους
758 3410 786 3474 a'
810 3399 976 3493 dudttvu',
1008 3405 1040 3475 ci
1060 3409 1153 3476 καλοὶ
1175 3406 1247 3475 λίαν
1269 3404 1368 3494 λόγοι.

632 3504 669 3579 οὗ
691 3506 752 3601 γάρ
773 3512 814 3578 τὰ
835 3517 942 3579 τοῖσιν
965 3505 1027 3580 ὠσὶ
1049 3511 1172 3602 τερπνὰ
1192 3514 1242 3580 δεῖ
1263 3511 1374 3598 λέγειν,

632 3609 701 3682 ἀλλ’
724 3615 759 3698 ἐξ
780 3613 856 3684 ὅπου
878 3643 929 3696 τις
951 3611 1080 3706 εὐκλεὴς
1101 3617 1275 3708 γενήσεται.

380 3731 443 3788 490
523 3725 585 3788 ΤΡ.
630 3718 665 3787 σι’
687 3725 924 3806 reproperata·
956 3713 992 3790 οὗ
1012 3717 1114 3808 λόγων
1135 3718 1334 3810 εὐσχημόνων

492 3830 495 3834 ’
634 3827 684 3892 δεῖ
707 3827 750 3904 σ’,
778 3817 860 3892 ἀλλὰ
880 3816 1017 3912 τάνδρὸς
1039 3822 1083 3906 ὡς
1104 3822 1202 3909 τάχος
1224 3825 1366 3894 ὄιιστὲον

427 4083 479 4138 491
506 4083 550 4137 vix
569 4099 651 4138 sanus
669 4082 831 4146 1111111111,
851 4099 1013 4154 quamquam
1024 4084 1163 4139 Nauckius
1176 4087 1204 4138 et
1215 4087 1279 4140 ante
1292 4101 1352 4138 oum
1364 4083 1572 4138 scholiastarum

358 4171 480 4240 plerique
498 4173 562 4239 post
578 4168 699 4243 τάνδρός
714 4187 767 4224 111
785 4170 983 4240 interpungunt
997 4170 1156 4226 rectissime.
1194 4173 1339 4225 διοιστέον
1359 4170 1430 4240 quod
1447 4169 1572 4223 meliores

356 4257 463 4318 ,11111111
479 4256 611 4326 praebent
628 4273 731 4311 merum
748 4255 863 4312 errorem
882 4273 942 4312 esse
961 4257 1063 4312 scholia
1081 4258 1189 4322 docent,
1209 4274 1258 4312 nec
1278 4257 1424 4327 quidquam
1444 4273 1522 4310 eruas
1541 4273 1573 4310 ex

356 4343 474 4399 evanida
491 4343 622 4398 Marciani
647 4343 761 4398 lectione
781 4342 866 4402 ὠς...
894 4343 960 4404 ..ὸς
987 4346 1137 4398 διοιστέον.
1178 4344 1228 4398 hoe
1251 4344 1322 4398 enirn
1345 4343 1412 4396 mihi
1431 4342 1572 4397 videbatur
1640 4355 1642 4358 ·

359 4431 485 4500 primitus
503 4429 637 4486 habuisse.
675 4433 717 4485 est
734 4434 824 4486 autem
840 4449 889 4517 ,per
906 4431 977 4499 hanc
995 4431 1139 4502 Hippolyti
1156 4433 1261 4500 partem
1273 4431 1383 4485 indocta
1395 4445 1477 4485 manu
1488 4430 1574 4485 inter-

360 4518 758 4607 1111111111111121.
