3626 5288
375 419 427 476 1eo
939 418 976 474 11.
996 421 1021 475 a.
1043 485 1046 490 ,

373 609 428 656 sus
468 587 591 657 misere*
627 595 792 676 eorruptos
827 589 940 656 adtulit
971 590 1095 656 Probus
1131 591 1166 656 in
1201 591 1320 678 Vergil.
1361 595 1427 660 Eol.
1454 594 1507 660 VI.
1541 602 1591 660 31.

373 685 508 779 οὐρανὸς
528 689 611 779 ὑπὲρ
633 687 718 782 ἡμᾶς
737 699 855 771 καινῶς
877 697 986 782 φονῶν
1009 692 1084 772 ἕδος
1100 692 1270 778 δαιμόνιον
1292 691 1360 764 τάδ’
1382 695 1416 764 ἐν
1430 697 1521 784 μέσῳ
1535 699 1593 763 τοῦ

373 789 511 880 ούρανοῦ
535 820 570 862 τε
597 795 654 862 καὶ
680 794 805 878 χθονὸς
832 791 864 862 οἱ
885 795 944 880 μὲν
969 789 1160 880 ὀνομάζουσι
1180 792 1268 880 χάος.
1300 798 1389 888 (fgm.
1414 801 1502 890 451.)
1542 801 1593 867 vel

372 900 476 986 magis
511 902 591 967 haee
627 901 728 967 uerba
758 900 897 986 eorrupit
933 899 1138 968 Valckenarii
1171 902 1320 988 audaeia3
1359 926 1433 970 nam
1469 905 1592 970 eaelum

373 1004 436 1070 diei
465 1005 648 1072 caelestium
670 1005 832 1088 signorum
855 1003 992 1070 sedem
982 1027 1016 1070 rn
1042 1007 1211 1091 propatulo
1242 1015 1304 1092 esa
1329 1015 1362 1074 et
1390 1010 1492 1095 potuit
1523 1029 1592 1074 ver-

373 1127 464 1174 suum
493 1115 603 1224 auctor
633 1107 772 1174 seribere

635 1235 769 1330 οὐρανὸς
789 1239 919 1330 ὕπερθε
941 1241 1105 1328 κείμενος,
1128 1245 1245 1333 φωνάν
1265 1245 1338 1326 ἕδος

635 1345 815 1431 δαιμόνιον·
838 1345 980 1435 ἐνμέσῳ
1003 1347 1039 1414 δὲ
1060 1351 1156 1415 τοῦδε
1175 1348 1230 1416 καὶ
1250 1346 1381 1438 χθονός,

636 1445 673 1517 οἳ
690 1449 749 1535 μὲν
769 1447 980 1535 ὀνομάζουσιν
998 1450 1086 1534 χάος.

374 1597 408 1656 at
439 1588 609 1675 Euripides
640 1595 706 1655 tam
739 1590 880 1656 elumbes
912 1610 1025 1657 versus
1058 1612 1122 1658 nou
1149 1592 1304 1676 procudit.
1358 1599 1391 1658 at
1422 1592 1593 1678 Euripides

374 1691 496 1780 αἰθέρα
518 1693 659 1758 divinam
681 1700 831 1779 mentem,
854 1686 976 1779 Iovem,
1003 1701 1039 1760 ut
1059 1695 1223 1762 Platouioe
1244 1697 1370 1782 loquar,
1392 1694 1430 1762 τὸ
1455 1690 1492 1762 bb
1514 1695 1595 1762 iudi·

375 1798 472 1882 oavit;
494 1797 550 1862 ubi
572 1796 613 1862 de
635 1797 724 1863 eaelo
748 1797 788 1862 de
810 1798 905 1864 astris
927 1799 961 1863 in
982 1798 1065 1864 hano
1088 1799 1277 1866 sententiam
1300 1799 1458 1886 disputet,
1477 1799 1595 1868 dooear

374 1901 479 1968 velim.
525 1900 602 1984 quid
623 1900 709 1984 quod
737 1902 842 1986 ipsum
866 1895 946 1981 χάος
972 1902 1161 1967 vocabulum
1187 1903 1326 1988 ignorat,
1358 1923 1462 1988 neque
1485 1925 1594 1970 aerem

374 2005 457 2071 inter
472 2004 604 2089 eaelum,
620 2004 712 2087 quasi
726 2002 844 2090 πνιγέα
858 2004 1089 2090 Aristophanis,
1113 2011 1144 2070 et
1158 2011 1277 2071 terram
1292 2007 1431 2092 positum
1445 2027 1595 2090 umquam

374 2108 571 2174 memoravit.
617 2107 790 2173 sententias
812 2128 888 2174 vero
912 2107 1068 2194 singulas,
1091 2115 1255 2191 tamquam
1277 2110 1310 2174 in
1326 2111 1514 2194 enchiridio,
1537 2131 1595 2195 per

376 2207 412 2277 οἳ
430 2209 488 2294 μὲν
512 2201 720 2292 ὀνομάζουσιν
742 2231 928 2277 enumerare
950 2217 1105 2296 poetaene
1121 2212 1194 2277 est?
1231 2212 1305 2278 vide
1327 2213 1445 2279 Troad.
1463 2221 1539 2298 884,
1563 2220 1594 2278 et

375 2315 545 2382 disorimen
577 2314 661 2380 inter
694 2321 825 2400 poetam
858 2322 890 2380 et
915 2315 1080 2380 falsarium
1113 2316 1238 2382 senties.
1291 2317 1405 2382 eadem
1429 2317 1527 2401 igitur
1555 2337 1594 2398 ex
1671 2402 1674 2408 Ι
1789 2331 1790 2400 Τ

375 2420 496 2486 fabrica
518 2426 550 2486 et
574 2419 633 2486 hos
655 2439 768 2486 versus
791 2425 822 2484 et
845 2419 1000 2484 Cadmum
1022 2419 1206 2504 progenitos
1231 2440 1302 2486 esse
1325 2421 1483 2506 existimo,
1506 2421 1594 2486 ouius

273 2589 274 2592 ,
376 2525 511 2591 alterum
537 2525 699 2609 specimen
721 2524 862 2590 servavit
883 2523 1063 2590 Macrobius
1085 2523 1109 2588 Ι.
1136 2531 1185 2588 17.
1214 2523 1269 2610 (ig.
1295 2525 1373 2613 937)
1395 2545 1489 2609 quam
1510 2525 1593 2592 frau-

377 2629 451 2694 dem
473 2627 593 2694 detexit
610 2627 789 2694 Lobeokius
804 2627 961 2712 Aglaoph.
985 2635 1058 2692 403.
1095 2634 1190 2710 atque
1205 2627 1360 2694 Cadmum
1374 2650 1437 2696 non
1453 2629 1594 2696 extitisse

377 2733 474 2799 etiam
499 2731 658 2798 Albanum
683 2751 822 2797 marmor
848 2729 1029 2816 persuadet.
1074 2731 1183 2816 inoipit
1209 2732 1254 2798 ibi
1280 2734 1425 2798 oolumna
1451 2734 1595 2799 alterae

375 2837 482 2902 littera
501 2835 547 2920 K,
576 2833 714 2918 Κάδμος
742 2834 840 2902 deest.
890 2853 965 2899 num
987 2853 1064 2900 vero
1090 2835 1255 2919 probabile
1284 2843 1333 2902 est
1359 2857 1455 2902 unam
1476 2857 1496 2902 a
1518 2856 1593 2920 qua-

377 2939 518 3006 dratario
547 2959 587 3004 ex
613 2939 662 3004 1111
635 2944 719 3004 ttera
747 2939 810 3004 ista
832 2938 983 3004 omissam
1006 2957 1077 3003 esse
1096 2937 1260 3004 fabulam?
1303 2946 1389 3006 uerte
1411 2961 1450 3006 ex
1473 2947 1542 3006 arte
1564 2946 1595 3006 et

376 3043 498 3109 ratione
525 3047 597 3108 oont
598 3063 635 3108 ra
583 3041 854 3108 tsontiendum
876 3047 974 3127 esset,
998 3041 1125 3108 etiamsi
1147 3041 1219 3107 aliis
1242 3041 1283 3107 de
1305 3043 1410 3109 oausis
1429 3042 1595 3128 tragoedia

375 3146 432 3212 illa
454 3145 552 3212 dubia
570 3167 634 3212 non
656 3151 750 3211 esset.
794 3165 869 3211 nam
899 3144 1003 3227 quivis
1023 3145 1235 3230 praesumitur
1256 3145 1371 3232 bonus,
1401 3147 1497 3214 etiam
1519 3166 1594 3230 qua-

377 3249 536 3316 dratarius
565 3255 621 3314 aut
648 3249 811 3334 librarius;
840 3267 1031 3368 quamquam
1062 3247 1244 3368 philologi
1234 3270 1268 3314 111
1289 3249 1372 3315 hane
1392 3251 1498 3334 legem
1520 3250 1594 3316 coti-

377 3352 430 3418 die
451 3373 629 3473 peccamus.
678 3353 900 3418 Reeentiorum
924 3351 1100 3436 opiniones,
1128 3351 1156 3417 si
1178 3353 1232 3436 qui
1252 3352 1379 3419 fabulae
1402 3353 1594 3438 Euripideae

377 3477 492 3524 nomen
528 3456 689 3522 invenisse
727 3457 789 3523 sibi
820 3455 882 3522 visi
917 3461 1002 3540 sunt,
1040 3455 1212 3540 pleraeque
1241 3463 1328 3522 ment
1329 3457 1400 3523 ione
1433 3457 1593 3541 indignae

376 3561 497 3626 velutt
483 3567 604 3626 temere
625 3560 767 3626 fecerunt
788 3559 843 3642 qui
865 3557 952 3644 apud
965 3557 1185 3624 Philodamum
1205 3558 1260 3645 (de
1205 3558 1364 3645 (relig.
1382 3558 1493 3645 Gomp.
1510 3559 1592 3627 stud.

376 3664 470 3730 Hero
492 3664 532 3729 II.
557 3663 641 3752 22)'
631 3685 664 3730 1n
687 3663 832 3730 versibus
862 3656 1031 3744 Αἰσχύλος
1051 3661 1110 3727 τὸν
1132 3659 1201 3726 Δία
1220 3659 1377 3784 λάχει...

837 3795 1000 3866 ..καὶτὰ
1020 3791 1090 3863 πάν

704 3927 747 3969 τα
769 3900 825 3968 καὶ
848 3899 1002 3991 obedo
964 3927 1006 3968 ια
1029 3895 1097 3966 πάν

880 4007 937 4093 6ης
959 4005 987 4070 δ’
1010 4002 1044 4072 ἐν
1064 4029 1108 4088 μυ

879 4132 936 4177 ιον
960 4110 1016 4175 δια
1037 4131 1094 4174 και

879 4215 1040 4302 maeno»

798 4311 800 4317 ’
878 4318 1057 4403 δαιχισθοιι

845 4413 1066 4488 .wwmm

881 4546 917 4592 σν
938 4525 995 4592 δια
