3594 5292
368 417 402 470 68
948 413 970 466 Ι.
989 415 1014 466 8.

366 604 404 641 vs.
418 588 470 643 942
506 587 549 640 ἀεὶ
560 588 589 642 O.
611 587 677 640 'olel
684 586 719 640 Ol
728 587 797 640 Vict.
822 587 855 640 de
867 586 981 641 Victorii
993 586 1108 640 lectione
1119 586 1163 641 hic
1175 590 1202 641 et
1214 587 1264 642 891
1277 588 1377 643 erravit
1387 588 1579 643 Kirchhoflius.

420 675 471 728 949
507 675 589 730 schol.
609 671 691 728 αὐτὸε
709 671 740 726 τὸ
759 671 955 744 ἀποκτμίνειν.
991 673 1088 728 ultima
1105 689 1211 728 corroso
1230 675 1352 743 margine
1370 676 1518 744 perierunt.

418 763 469 816 969
504 763 558 832 ὁρῶ
577 762 598 814 O
616 761 685 816 Vict.
717 760 788 815 unde
808 760 873 833 ὁρᾶς
887 760 1003 826 venerit,
1027 761 1136 830 ignoro;
1163 763 1193 816 at
1209 761 1325 816 editores
1344 761 1407 816 inde
1424 778 1441 816 a
1459 763 1579 818 Scidlero

505 849 679 918 (antiquiores
697 850 805 916 praesto
825 864 878 902 non
898 845 994 916 habeo)
1021 847 1211 916 neglegentiae
1231 849 1310 917 culpa
1328 848 1364 902 ad
1382 864 1465 903 unum
1484 866 1577 904 ornnes

503 935 636 990 liberandi
652 951 707 988 non
725 939 796 989 sunt.
827 934 926 1004 quippe
944 934 1010 1005 ὁρᾶς
1026 939 1165 1004 tamquam
1176 935 1358 990 firmissimam
1370 935 1471 990 codicis
1483 937 1577 991 lectio·

504 1039 566 1076 nem
584 1023 722 1091 repetunt,
750 1021 815 1092 quid
839 1019 910 1091 quod
926 1021 1075 1075 Victorium
1100 1020 1129 1074 id
1144 1021 1244 1076 habere
1263 1021 1364 1077 dicunt.
1401 1021 1574 1092 Welberglus

503 1111 594 1162 autem
617 1111 712 1164 notate
733 1109 849 1164 lectione
874 1107 941 1179 ὁρῶ,
971 1105 1039 1178 ὁρᾶς
1062 1108 1092 1161 in
1117 1111 1194 1162 textu
1217 1111 1361 1178 propaget,
1388 1112 1497 1164 auctore
1516 1125 1578 1164 con-

504 1196 621 1250 iecturae
647 1212 681 1250 ne
706 1196 842 1250 nominato
865 1194 980 1264 quidem.
1017 1197 1098 1263 atquc
1119 1210 1230 1263 pravam
1246 1195 1426 1250 coniecturam
1444 1212 1503 1250 esse
1521 1197 1576 1250 cla·

503 1298 563 1335 rum
588 1282 636 1336 liet
659 1283 758 1336 luxatis
781 1281 904 1336 versibus
929 1281 958 1334 in
977 1281 1103 1334 ‘ordinem
1121 1281 1268 1348 restitutis,
1290 1282 1362 1352 quod
1379 1299 1433 1336 non
1455 1282 1488 1335 ab
1506 1283 1579 1336 omni

502 1371 579 1438 parte
598 1369 728 1423 successit
741 1367 870 1423 Nauckic.
897 1367 921 1420 is
934 1367 1005 1422 enim
1022 1365 1147 1422 Orestem
1163 1367 1230 1422 facit
1245 1367 1477 1436 Clytaemnestrae
1498 1368 1578 1423 adve-

504 1455 604 1509 nientis
623 1455 760 1518 nuntium,
782 1454 916 1508 Electram
935 1458 1026 1508 utrum
1044 1458 1131 1508 mater
1149 1455 1186 1508 sit
1204 1472 1238 1509 an
1256 1455 1352 1524 Argivi
1371 1455 1501 1524 Aegistho
1521 1455 1578 1524 opi-

503 1543 623 1595 tulantes
659 1540 775 1595 dubiem.
818 1541 889 1611 quod
917 1543 945 1595 et
972 1556 1020 1608 per
1046 1558 1075 1595 se
1102 1557 1196 1610 parum
1221 1543 1325 1610 placet,
1358 1542 1483 1610 (matrem
1505 1541 1577 1595 enirn

504 1627 613 1682 Orestes
629 1628 736 1682 novisse
752 1627 862 1696 nequit,
883 1625 963 1681 debet
979 1627 1113 1696 Electra),
1135 1631 1163 1682 et
1179 1643 1227 1697 per
1240 1626 1299 1698 ὁρῶ
1311 1628 1419 1683 omnino
1432 1627 1576 1682 refellitur.

504 1715 596 1784 itaque
615 1715 696 1770 codex
716 1715 846 1770 962-64
865 1729 994 1782 personas
1012 1717 1084 1768 recte
1103 1713 1232 1783 disponit.
1261 1717 1291 1768 at
1308 1714 1441 1771 959-61
1454 1714 1578 1768 Electrae

504 1818 607 1856 summo
620 1783 677 1856 inre
689 1801 837 1856 vindicavit
847 1800 993 1861 Nauckins.
1017 1801 1189 1870 consequitur
1201 1818 1265 1870 ergo
1278 1801 1350 1856 inter
1361 1801 1485 1857 Electrae
1497 1801 1579 1856 verba

504 1891 555 1946 961
574 1892 602 1943 et
620 1889 672 1945 962
685 1887 797 1944 Orestae
816 1891 864 1942 aut
880 1904 963 1942 unum
982 1890 1030 1942 aut
1046 1904 1146 1957 paucos
1163 1887 1335 1943 intercidisse
1347 1905 1449 1943 versus.
1479 1888 1531 1942 965
1550 1891 1578 1942 et

502 1977 555 2032 966
580 1993 643 2032 vero
665 1991 720 2030 non
741 1979 804 2044 apte
831 1976 973 2030 cohaerere
996 1974 1068 2028 idem
1086 1975 1223 2030 Nauckius
1247 1975 1397 2041 intellexit3
1430 1976 1483 2032 965
1506 1975 1578 2030 enim

503 2062 628 2126 Orestae,
652 2064 699 2133 qui
718 2063 768 2117 967
785 2061 909 2129 dubitet,
933 2078 999 2116 num
1021 2064 1135 2116 matrem
1154 2062 1272 2130 occidat,
1298 2079 1357 2116 esse
1373 2063 1476 2132 nequit.
1513 2062 1578 2131 quid

505 2149 610 2205 multa?
635 2150 724 2207 locum
742 2148 821 2204 modo
839 2151 946 2204 mutent
962 2149 1005 2203 illi
1023 2165 1130 2214 versus,
1150 2153 1178 2203 et
1195 2149 1285 2204 omnia
1297 2165 1362 2204 sana
1375 2153 1445 2204 sunt.
1477 2149 1579 2203 adscri-

504 2239 566 2294 bam
584 2239 672 2292 totum
687 2237 784 2292 locum.

469 2327 521 2381 960
556 2328 623 2379 ΗΛ.
661 2323 730 2380 εἶεν·
750 2324 876 2394 κομίζειν
894 2323 976 2376 τοῦδε
996 2325 1065 2393 σῶμ’
1088 2325 1152 2376 εἴσω
1167 2321 1260 2404 χρεών

659 2407 747 2480 σκότῳ
764 2427 793 2462 τε
812 2410 927 2474 δοῦναι,
947 2409 1055 2480 δμῶες,
1076 2408 1111 2468 ὥς
1128 2408 1197 2462 ὅταν
1215 2407 1288 2482 μόλῃ

639 2499 751 2571 ιμήτηρ
771 2500 883 2568 σφαγῆς
899 2493 1022 2571 πάροιθε
1039 2493 1078 2566 μὴ
1097 2495 1185 2570 edgida
1203 2493 1311 2569 νεκρόν.

569 2590 622 2642 ΟΡ.
657 2611 1212 2626 ——————
1219 2638 1221 2642 Α
1283 2614 1324 2640 -.

555 2677 623 2727 ΗΛ.
659 2673 781 2740 ἐπίσχες,
802 2656 969 2742 ἔμβαίῶμεν
987 2673 1027 2728 είς
1044 2666 1129 2722 ἄλλον
1146 2667 1240 2740 λόγον.

568 2765 621 2815 ΟΡ.
657 2765 687 2812 τί
701 2759 741 2822 6’;
758 2759 788 2810 ἐκ
806 2761 951 2823 Μυκηνῶν
970 2759 1034 2827 μῶν
1052 2754 1227 2830 βοηδρόμους
1244 2757 1299 2832 ὁρῶ
1304 2781 1313 2822 ,·

552 2851 620 2902 ΗΛ.
658 2843 726 2910 οὔκ,
745 2842 814 2898 ἀλλὰ
832 2841 883 2910 τὴν
900 2845 1050 2908 τεκοῦσαν,
1068 2841 1086 2910 ἥ
1102 2843 1134 2914 μ’
1153 2843 1286 2914 ἐγείνατο.

467 2937 519 2992 966
566 2937 618 2987 ΟΡ.
655 2929 776 3000 καὶμὴν
795 2927 924 2999 ὄχοιςγε
942 2930 988 2981 καὶ
1008 2933 1094 3003 στολῇ
1114 2931 1313 3003 λαμπρύνεται.

374 3012 377 3050 1
411 3045 413 3050 ·
467 3023 519 3078 965
552 3025 620 3074 ΗΛ.
657 3021 746 3078 καλῶς
763 3014 807 3088 ἄρ’
825 3013 911 3090 ἄρκον
927 3015 955 3073 ἔς
971 3019 1060 3087 μέσην
1078 3017 1233 3091 πορεύεται.

566 3111 619 3162 ΟΡ.
653 3109 683 3158 τί
699 3105 769 3172 δῆτα
789 3103 904 3174 δρῶμεν
919 3102 1033 3174 μητέρ’,·
1058 3099 1075 3168 ἦ
1095 3101 1289 3176 φονεύσομεν·
1307 3106 1359 3160 mi.

501 3212 563 3266 nolo
581 3211 680 3280 longus
697 3225 756 3263 esse
772 3207 801 3261 in
822 3204 1033 3260 commendanda
1050 3205 1101 3260 hac
1119 3206 1323 3276 distributione,
1342 3225 1402 3264 eum
1414 3207 1576 3279 intellegen-

392 3285 394 3294 Χ
438 3293 439 3300 '
502 3304 557 3354 tem
578 3298 706 3352 lectorem
729 3311 811 3364 quam
833 3297 898 3363 apta
921 3297 1001 3364 atque
1023 3293 1153 3348 concinna
1175 3295 1213 3348 sit
1240 3296 1324 3350 latere
1350 3296 1395 3350 vix
1416 3295 1511 3365 possit.
1547 3300 1577 3351 at

501 3387 553 3442 964
574 3382 628 3440 nisi
656 3385 763 3452 poetam
786 3381 926 3436 emendare
950 3395 1069 3447 vererer,
1097 3380 1241 3436 scriberem
1260 3380 1277 3448 ἥ
1298 3383 1323 3435 π’
1341 3383 1466 3453 ἐγείνατο
1473 3404 1480 3447 ;
1504 3387 1576 3438 certe

502 3471 694 3528 emendaretur.

413 3563 464 3618 961
500 3558 547 3630 μὴ
558 3557 614 3632 πρὸ
633 3563 682 3612 τοῦ
701 3559 845 3628 σφαγῆναι
863 3556 955 3624 εἰσίδη
975 3553 1024 3609 τὸν
1040 3560 1090 3609 τοῦ
1102 3559 1246 3625 Αἰγίσθου
1260 3553 1367 3626 νεκρόν.
1393 3555 1508 3627 μείσίὸη
1521 3555 1575 3626 igi-

502 3651 548 3703 tur
566 3645 638 3701 idem
656 3647 699 3700 est
716 3646 797 3714 atque
815 3642 939 3697 Bamcsii
955 3641 994 3712 μὴ
1013 3643 1113 3714 εἰσίδῃ.

415 3736 466 3793 969
501 3732 707 3788 recitassent).
744 3728 804 3784 acle.
823 3729 866 3785 Ol.

414 3840 466 3895 975
501 3837 584 3894 schol.
605 3835 640 3891 ad
659 3836 814 3907 φεύξομαιε
834 3829 1109 3908 κατηγορηθήσομαι.
1517 3898 1518 3902 ¹

415 3927 467 3982 976
502 3929 549 3979 καὶ
568 3922 668 3995 μήνρί
686 3919 716 3976 O.
729 3922 799 3976 Vict.
831 3923 878 3973 καὶ
896 3917 936 3990 μή
949 3919 976 3989 γ’
989 3918 1176 3974 recentissima
1188 3933 1292 3972 manu.
1311 3917 1446 3976 Reislrius.
1482 3923 1516 3976 H.
1530 3923 1573 3978 W.

413 4015 464 4070 bil
500 4011 603 4084 μητρὸς
621 4009 650 4064 O.
669 4010 738 4064 Vict.
773 4010 809 4063 H.

413 4103 465 4158 968
500 4099 628 4154 lineolam
645 4113 775 4167 personne
793 4094 978 4150 indicatriccm
999 4093 1060 4148 add.
1080 4091 1114 4146 0¹
1132 4096 1163 4147 ut
1180 4093 1233 4148 vid.

412 4190 535 4259 9807-1.
571 4186 671 4241 desunt
685 4183 801 4238 lineolae
819 4181 848 4236 O.
885 4176 976 4252 posuit
995 4180 1102 4234 TVict.
1140 4185 1165 4232 Γ
1179 4181 1261 4234 etiam
1279 4181 1331 4235 981
1356 4179 1407 4235 οὐκ
1427 4183 1573 4236 rectecon·

500 4275 565 4330 iecit
581 4275 613 4327 ut
627 4271 827 4335 Kirchhofflus,
852 4266 911 4323 οὐδ’
931 4267 953 4322 O
971 4267 1043 4337 qnod
1064 4269 1158 4321 natum
1175 4269 1218 4321 est
1236 4268 1335 4322 omissa
1352 4283 1482 4336 personae
1499 4271 1573 4322 note.

400 4365 463 4434 (983
499 4363 557 4416 ἀλλ’
576 4360 634 4429 εἰς.)

301 4529 303 4534 ·
411 4505 463 4560 984
500 4457 629 4558 saeculi
647 4498 677 4558 C.
712 4513 866 4570 perversum
886 4497 984 4566 selegit
1005 4501 1038 4562 Γ,
1057 4498 1159 4550 rectum
1177 4496 1247 4551 Vict.
1287 4495 1321 4550 H.
1338 4497 1379 4552 W.

411 4593 464 4648 985
500 4591 576 4646 deest
593 4589 701 4643 lineola.
738 4587 798 4642 add.
821 4585 930 4640 rvict.
