3666 5296
385 398 437 453 172
950 399 987 453 11.
1004 401 1031 457 4.

381 571 490 636 fucata
511 570 726 655 disputatione
747 568 883 636 incautis
905 570 1059 638 lectorum
1082 574 1197 641 animis
1218 575 1371 658 inponere
1394 575 1529 660 cupiam.
1567 581 1600 640 at

383 674 469 758 quod
489 675 669 760 opinionem
691 695 730 742 eo
747 675 919 742 firmiorem
942 675 1020 742 mihi
1041 678 1160 768 msam,
1182 696 1246 761 quo
1265 679 1395 763 saepius
1415 699 1488 745 earn
1502 684 1599 744 retra

381 785 514 864 ctarem,
548 779 678 846 tandem
707 779 927 864 proposuerim
959 781 1079 846 nudam
1110 786 1143 848 et
1169 801 1227 866 pro
1258 801 1316 848 suo
1347 783 1461 866 cuique
1482 782 1599 848 indicio

381 883 579 968 probandam
593 883 893 968 improbandamve,
917 903 1038 968 aequus
1059 885 1158 951 index
1172 885 1342 970 obprobrio
1357 885 1434 951 mihi
1453 905 1517 951 non
1530 905 1600 952 ver·

381 991 434 1052 tet.
481 987 627 1052 existimo
648 987 759 1071 igitur,
789 987 1036 1072 Aristophanem
1058 1007 1118 1073 per
1140 989 1261 1071 aliquot
1282 989 1444 1055 Ranarrmr
1466 1009 1600 1056 scaenas

383 1109 447 1155 non
466 1091 572 1174 ipsum
586 1090 773 1175 Euripidem
795 1091 854 1157 sed
866 1091 1058 1158 imitatorem
1072 1092 1142 1158 eius
1158 1091 1290 1158 Oritiam
1304 1093 1458 1173 inrisisse,
1482 1092 1601 1160 Thesei

382 1193 564 1280 fragmenta
587 1201 666 1281 386,
690 1202 771 1280 387,
795 1202 859 1262 388
882 1195 925 1262 ad
944 1193 1120 1263 Pirithoum
1138 1195 1252 1262 refero.

974 1463 1003 1519 4.

473 1589 618 1656 Vidimus
648 1590 833 1675 Euripidem
867 1591 908 1656 ab
932 1591 1157 1658 Alexandrinis
1186 1591 1401 1676 grammaticis
1427 1592 1602 1676 nonaginta

384 1693 465 1760 duas
498 1694 624 1760 fabulas
660 1694 806 1762 docuisse
833 1694 931 1779 tradi,
960 1695 981 1760 i.
1005 1715 1032 1760 e.
1063 1696 1184 1762 viciens
1204 1701 1253 1762 ter
1275 1695 1406 1762 chorum
1429 1695 1600 1780 accepisse.

383 1796 457 1864 hinc
477 1798 646 1882 tetralogia
667 1816 732 1864 una
754 1797 928 1864 secundum
947 1819 1001 1884 ea,
1026 1819 1109 1882 qnae
1131 1799 1172 1864 de
1194 1799 1311 1866 fabulis
1327 1799 1444 1884 spuriis
1459 1799 1602 1884 exposui,

384 1901 600 1968 subtrahenda
622 1907 679 1968 est.
724 1901 840 1985 quodsi
866 1922 1031 1968 numerum
1057 1903 1170 1986 viginti
1194 1902 1329 1976 duorum
1351 1903 1518 1970 chororum
1540 1909 1601 1968 tra

384 2004 484 2073 ditum
509 2004 677 2072 ostendere
705 2007 915 2091 potuerimus,
942 2026 1006 2072 non
1033 2007 1137 2074 solum
1159 2007 1236 2090 qnid
1257 2007 1336 2073 velit
1355 2008 1421 2072 iam
1438 2007 1602 2092 intellege·
1651 2001 1657 2017 '

384 2128 468 2193 mus,
492 2109 550 2175 sed
571 2130 655 2176 nova
672 2110 727 2176 via
747 2110 835 2176 idem
857 2110 899 2175 ad
922 2109 1009 2193 quod
1030 2110 1159 2178 aliunde
1179 2111 1279 2178 delati
1298 2131 1408 2178 snmus
1434 2111 1603 2194 probatum

383 2212 590 2282 inveniemus.
636 2220 731 2298 atque
754 2213 871 2280 Suidas
894 2220 926 2280 et
948 2213 1174 2300 Mosohopulus
1204 2216 1262 2282 sub
1289 2214 1384 2282 linem
1404 2213 1491 2282 vitae
1512 2213 1602 2280 Euri·

383 2316 482 2402 pidis:
513 2311 606 2395 υίκας
638 2313 674 2384 δὲ
699 2317 804 2384 εἵλετο
831 2313 931 2384 πέντε
936 2363 946 2394 ,
980 2315 1040 2396 τὰς
1067 2315 1126 2402 μὲν
1154 2317 1316 2406 τέσσαρας
1343 2315 1464 2405 περιὼν
1489 2313 1544 2404 τὴν
1565 2313 1602 2382 δὲ

383 2418 461 2502 μίαν
480 2420 563 2502 μετὰ
584 2418 641 2507 τὴν
664 2418 809 2510 τελευτὴν
830 2415 1077 2504 ἐπιδειξαμένου
1098 2419 1137 2488 τὸ
1160 2422 1269 2507 δρᾶμα
1294 2421 1376 2510 (scil.
1400 2422 1602 2506 tetralogiam

383 2523 585 2610 Iphigeniam
623 2525 694 2592 Aul.
731 2525 938 2592 Alcmeonem
972 2526 1043 2594 Ocr.
1075 2526 1220 2593 Bacchas
1250 2525 1286 2614 x)
1324 2530 1382 2592 τοῦ
1424 2515 1602 2612 ἀδελφιδοῦ

385 2623 484 2694 αὐτοῦ
499 2623 689 2715 Εὐριπίδου.
723 2626 914 2710 ἐπεδείξατο
936 2630 964 2695 δ’
988 2625 1082 2708 ὅλους
1104 2625 1265 2708 ἐνιαυτοὺς
1280 2623 1339 2714 κδ.
1377 2630 1490 2728 ultima
1504 2629 1604 2695 verba

386 2739 419 2800 et
444 2735 477 2800 in
507 2735 624 2801 ceteris
647 2736 720 2802 vitis
744 2741 776 2802 et
797 2735 849 2802 hic
872 2755 997 2818 quoque
1024 2736 1058 2800 in
1078 2735 1200 2819 ahquot
1221 2734 1420 2819 Mosohopuli
1442 2733 1603 2802 codicibus

386 2837 509 2904 desunt.
554 2859 629 2906 nam
651 2839 899 2925 Byzantinorum
928 2840 1072 2925 plerique
1094 2859 1177 2922 qnae
1199 2859 1263 2906 non
1283 2839 1506 2922 intellegerent
1528 2839 1603 2904 omi

385 2947 509 3026 serunt5
540 2943 732 3010 recentiores
766 2943 870 3027 magIs
895 2943 1044 3018 nimirum
1070 2943 1233 3028 sapientes
1258 2947 1427 3010 mutarunt
1482 2936 1603 3009 ἐπιδεί-

385 3045 511 3125 ξασθαι
534 3045 650 3113 docere
673 3052 738 3132 cst,
766 3048 842 3114 olim
869 3054 976 3114 autem
997 3047 1043 3112 ita
1064 3046 1132 3114 fere
1154 3045 1306 3112 traditum
1328 3052 1398 3114 erat
1412 3040 1604 3126 ἐπεδείξατο

388 3146 425 3214 δὲ
444 3146 482 3216 τὸ
502 3145 577 3218 ὅλου
599 3144 766 3228 ἐνιαυτοὺς
787 3145 853 3235 alls,
876 3153 896 3218 i.
920 3171 948 3216 e.
971 3151 1084 3236 viginti
1104 3149 1228 3218 duobus
1250 3149 1342 3216 annis
1364 3149 1495 3216 chorum
1516 3169 1604 3216 acce·

384 3253 439 3338 pit.
489 3253 581 3320 vides
616 3262 712 3337 quain
749 3256 880 3338 egregie
915 3254 997 3321 haec
1035 3255 1209 3322 concinant.
1263 3255 1331 3320 fore
1361 3254 1452 3338 clim,
1485 3259 1521 3318 ut
1546 3253 1605 3318 hos

387 3356 501 3440 viginti
522 3357 603 3424 duos
631 3378 732 3426 annos
753 3359 896 3424 indicare
925 3359 1102 3443 possimus,
1130 3379 1170 3424 ne
1193 3359 1317 3442 sperari
1340 3356 1470 3440 quidem
1490 3361 1605 3441 potest.

387 3466 495 3526 tamen
527 3463 580 3528 vel
613 3461 709 3528 hodie
739 3483 802 3528 non
829 3462 1058 3528 infructuosum
1082 3462 1143 3528 erit
1175 3460 1280 3528 denuo
1305 3461 1339 3526 in
1367 3459 1605 3543 chronologiam

385 3564 565 3630 fabulamur
585 3565 750 3652 Euripidis
772 3566 976 3650 inquisivisse
999 3601 1043 3612 -
1065 3564 1151 3647 quod
1173 3586 1203 3630 v.
1226 3583 1252 3630 c.
1275 3565 1309 3630 in
1333 3563 1491 3648 Sophocle
1511 3563 1605 3628 inane

384 3668 474 3734 soret.
524 3669 676 3754 distingui
712 3671 745 3736 in
772 3669 934 3754 Euripidis
969 3675 1001 3736 et
1032 3669 1099 3735 vita
1128 3672 1160 3734 et
1188 3669 1280 3753 poesi
1309 3672 1445 3750 quatuor
1474 3672 1605 3750 aetates,

386 3777 1173 3840 454-430.430-41e.415-408.407-6
1204 3770 1288 3837 infra
1316 3757 1482 3837 clarescet
1525 3789 1544 3836 e
1571 3787 1606 3836 re

385 4011 488 4066 irumra
513 4011 620 4066 monuit
646 4009 678 4065 0.
697 4009 813 4066 Jahnius
830 4008 911 4064 Aroh.
931 4008 1011 4064 beitr.
1030 4007 1095 4073 2383
1121 4007 1182 4063 393.
1197 4005 1269 4076 quod
1292 4006 1392 4060 lemma
1412 4009 1501 4071 Θησεῖ
1518 4006 1608 4072 Αἰγεῖ

384 4098 480 4161 habet,
504 4097 607 4152 Theseo
630 4098 659 4151 in
681 4112 733 4165 quo
750 4096 858 4166 Aegeus
881 4095 974 4149 induci
996 4094 1141 4163 nequibat,
1167 4107 1222 4147 non
1238 4092 1342 4161 Aegeo,
1368 4091 1398 4145 in
1416 4106 1468 4160 quo
1486 4090 1607 4144 Theseus

384 4185 512 4247 inductus
540 4187 594 4249 est,
621 4182 742 4238 tradunt.
782 4182 898 4252 denique
916 4182 982 4247 392,
1010 4180 1082 4249 quod
1109 4196 1140 4234 ex
1162 4178 1255 4234 eodem
1285 4179 1363 4233 stoici
1386 4176 1526 4231 cuiusdam
1550 4176 1607 4231 loco

375 4272 589 4340 'descripserunt
607 4269 701 4324 Cicero
720 4267 882 4322 Plutarchus
906 4267 1037 4329 Galenus,
1066 4265 1118 4320 hue
1142 4265 1269 4331 refertur,
1294 4263 1360 4334 quia
1384 4262 1523 4317 a'l'hesao
1540 4262 1608 4316 reci·

384 4359 473 4412 tatum
501 4359 555 4423 est,
585 4372 646 4410 cum
670 4355 763 4410 codem
785 4356 843 4408 iure
861 4353 948 4422 Aegei
971 4351 1116 4420 Hippolyti
1133 4348 1251 4404 Pirithoi
1275 4365 1335 4404 esse
1357 4349 1459 4417 possit;
1483 4349 1609 4416 quoniam

331 4508 333 4511 ¹
384 4443 505 4498 Theseus
530 4443 559 4496 in
580 4443 702 4496 Pirithoo
725 4439 916 4510 philosophum
937 4455 965 4492 se
984 4437 1096 4506 gereba,
1121 4440 1149 4491 et
1168 4436 1343 4504 Anaxagoras
1366 4433 1467 4488 ibidem
1489 4435 1609 4489 celebra·

382 4531 476 4597 batur,
496 4528 612 4585 Pirithoi
633 4527 725 4584 fucrit.
761 4527 952 4598 relinquuntur
971 4523 1058 4592 igitur
1075 4523 1180 4578 Theseo
1198 4522 1263 4589 382,
1282 4521 1344 4586 385,
1361 4520 1503 4586 389-91,
1520 4520 1582 4576 394.
