3626 5288
363 377 416 436 154
929 385 966 442 11.
986 387 1010 440 2.

363 554 404 614 32
494 552 586 620 ΙΩΝ.
766 617 767 620 ,
1035 611 1044 630 .

537 659 688 743 Temperi
714 659 807 728 huius
828 662 971 746 fabulae,
1002 665 1116 730 ceteris
1139 664 1385 752 dissimillimas,
1417 668 1495 733 certi
1516 674 1578 734 ter-

536 763 614 827 mini
650 763 790 858 nondum
830 767 1060 853 circumscripti
1101 775 1189 853 sunt,
1229 777 1454 855 praeterquam
1492 770 1577 853 quod

535 867 659 932 numeri
686 869 771 933 ultra
797 870 1012 954 olympiadem
1043 873 1270 956 octogesimam
1296 894 1412 940 nonam
1434 875 1578 941 revocari

537 987 608 1036 eam
629 992 693 1037 non
716 972 832 1038 sinunt.

361 1091 402 1149 33
492 1083 675 1170 tencteros
694 1091 972 1182 (καλυπτόμενος).
1018 1103 1091 1162 ante
1114 1103 1187 1162 428.

534 1194 765 1280 Aristophanes
788 1198 961 1283 Byzantius
983 1200 1016 1264 in
1039 1201 1169 1266 alterius
1191 1202 1359 1286 Hippolyti
1381 1207 1576 1286 argumento.

534 1298 628 1364 huius
650 1301 836 1384 tragoediae
858 1309 1078 1386 argumentum
1102 1323 1142 1369 ex
1157 1305 1363 1388 sarcophagis
1377 1305 1577 1388 potissimum

535 1403 651 1468 rectius
682 1425 777 1486 quam
800 1405 904 1471 adhuc
925 1407 1043 1473 factum
1067 1415 1127 1492 est,
1161 1409 1309 1474 constitui
1330 1414 1444 1492 potest.
1489 1407 1577 1473 vide-

476 1520 481 1526 ·
535 1511 587 1569 tur
616 1509 699 1572 enim
728 1509 774 1575 eis
801 1503 1043 1592 καλυπτόμενος
1071 1532 1134 1576 non
1155 1505 1399 1598 στεφανηφόρος
1424 1531 1578 1595 expressa

535 1628 616 1674 esse.
661 1631 737 1677 usus
765 1633 804 1677 ea
826 1620 874 1680 est
895 1615 929 1678 in
950 1613 1137 1682 adornanda
1152 1616 1289 1698 epistula
1303 1621 1418 1697 quarta
1433 1613 1576 1697 Ovidius,

534 1711 567 1776 11
588 1713 737 1780 Phaedra
759 1715 883 1782 Seneca
905 1718 943 1783 cf.
968 1725 1029 1783 911
1047 1751 1081 1771 =
1096 1719 1169 1784 Eur.
1192 1717 1267 1801 lgm.
1290 1725 1364 1784 439.

361 1829 429 1907 34†
473 1824 537 1896 ἰνώ.
582 1841 656 1900 ante
680 1843 752 1901 425.
855 1875 856 1878 =
973 1839 975 1844 ’
1574 1891 1575 1894 ,

533 1935 693 2024 Aristoph.
716 1941 852 2007 Achaim
877 1949 949 2008 435.
995 1947 1215 2027 argumentum
1237 1943 1391 2028 Hygin4
1413 1943 1593 2008 nominato

534 2042 695 2128 Euripide.
1015 2045 1020 2054 '

306 2182 308 2185 ·
362 2162 401 2222 35
492 2157 588 2242 ῑξίων.
634 2171 781 2230 410-8.

533 2267 741 2335 Philochorus
773 2267 859 2354 apud
890 2269 1052 2336 Laertium
1085 2271 1263 2356 Diogenem
1288 2269 1356 2354 tx!
1379 2275 1418 2334 55
1451 2269 1574 2354 Euripi-

534 2369 608 2436 dem
630 2373 662 2436 in
684 2373 799 2454 Ixione
815 2373 1011 2458 Protagorae
1033 2375 1200 2459 naufragio
1223 2375 1340 2440 mortui
1361 2357 1478 2439 tectam
1499 2375 1577 2438 inie-

534 2475 615 2541 cisse
637 2477 828 2543 mentionem
850 2483 993 2543 testatur.
1038 2479 1094 2542 1111
1116 2479 1190 2544 testi
1212 2477 1309 2543 fidem
1329 2477 1485 2560 derogare
1502 2497 1576 2559 qua-

533 2579 572 2661 lis
596 2579 675 2646 ratio
699 2587 761 2665 est,
784 2582 973 2666 praesertim
996 2602 1067 2646 cum
1089 2581 1302 2665 Anaxagorae
1323 2582 1442 2646 luctum
1457 2580 1498 2646 de
1512 2580 1576 2645 filio

532 2687 655 2749 mortuo
671 2685 804 2750 viriliter
819 2685 1024 2751 sustentantis
1040 2691 1152 2770 aperta
1166 2685 1284 2750 mentio
1300 2683 1356 2776 liat
1369 2683 1486 2750 Alcest.
1504 2691 1576 2748 903.

534 2808 572 2853 ac
587 2786 684 2852 fidem
699 2788 796 2854 habet
810 2788 999 2854 Philochoro
1015 2789 1101 2855 vitae
1112 2787 1305 2873 Euripideae
1322 2787 1575 2870 elegantissimus

534 2897 698 2958 enarrator
730 2891 872 2958 Weilius.
934 2893 1012 2957 obiit
1043 2891 1237 2978 Protagoras
1276 2913 1296 2956 a
1334 2891 1575 2974 quadringentis

533 2997 692 3080 expulsus.
731 3002 870 3061 ceterum
893 2996 969 3080 quin
991 2995 1161 3082 Euripides
1176 2995 1321 3084 magistri
1335 3016 1398 3060 non
1413 3001 1576 3076 tamquam

534 3099 648 3166 nefarii
671 3099 729 3165 sed
748 3099 876 3166 honoris
893 3119 990 3165 causa
1008 3099 1186 3165 meminerit
1208 3098 1356 3183 equidem
1374 3118 1436 3164 non
1456 3098 1574 3163 dubito.

359 3220 427 3299 36]ι
493 3222 653 3306 Κρῆσσαι.
700 3229 727 3284 1.
772 3213 801 3302 β’
849 3227 921 3285 438.

532 3325 570 3389 cf,
598 3324 657 3390 No.
684 3333 711 3388 1.
752 3325 941 3408 ¹argumenti
968 3340 1122 3390 summam
1148 3322 1246 3388 tradit
1272 3323 1368 3388 schol.
1398 3321 1496 3406 Soph.
1524 3321 1573 3386 Ai.

534 3435 628 3492 1297.
679 3428 795 3510 quihus
827 3433 970 3494 recentes
998 3426 1084 3516 duce}
1105 3427 1317 3494 Valckenario
1345 3423 1574 3496 1111111111-

402 3589 408 3604 .
532 3539 687 3598 seuerunt.

358 3655 426 3733 37]ι
490 3646 696 3738 κρεσφόντης.
742 3658 912 3716 430-25,

532 3756 690 3840 Exprimit
708 3755 938 3842 Aristophanes
959 3756 1115 3840 Agricolis
1138 3763 1167 3819 8.
1183 3760 1256 3818 424.
1291 3773 1350 3819 111
1365 3753 1463 3818 multo
1479 3759 1574 3818 antea

531 3859 680 3931 eximiam
702 3861 791 3944 pacis
814 3859 942 3926 laudem
964 3859 1112 3926 cecinerit
1134 3857 1312 3942 Euripides.
1353 3863 1574 3941 argumentum

530 3962 624 4029 modo
664 3963 820 4045 quasdam
854 3964 1057 4032 ariolationes
1091 3962 1260 4030 subtrahas
1294 3969 1380 4028 recte
1414 3961 1575 4036 constituit

530 4065 765 4154 Welckerus.⁵)

443 4352 471 4421 5)
496 4353 565 4407 Vide
590 4355 706 4422 quantas
725 4351 819 4406 turbas
846 4349 918 4404 falsa
944 4350 1023 4406 lectio
1051 4353 1137 4420 paret.
1174 4350 1279 4405 invenis
1303 4350 1375 4420 apud
1394 4349 1573 4413 Welelrerum‚

355 4437 496 4493 inductum
514 4439 598 4494 fuisse
621 4441 650 4493 in
668 4438 806 4507 Euripidis
833 4435 1000 4507 Cresphonte
1025 4437 1173 4506 Cypselum
1194 4438 1319 4505 Meropae
1336 4438 1450 4506 patrem,
1479 4451 1573 4490 secun·

356 4528 404 4580 tur
431 4525 464 4580 de
491 4526 645 4582 nominibus
670 4529 702 4581 et·
724 4523 847 4594 coniugis
872 4527 900 4578 et
925 4523 976 4578 filii
990 4525 1121 4593 Meropas
1138 4527 1233 4594 aperte
1249 4522 1329 4579 falsa.
1364 4523 1490 4578 nituntur
1507 4521 1574 4576 haec
