3594 5292
351 389 385 454 12
923 394 945 456 1.
963 395 989 458 8.

348 571 507 646 volumine
535 567 643 656 quinto
666 577 728 638 253
752 593 819 659 sqq.
844 575 1053 642 conlationem
1081 595 1102 642 a
1134 570 1303 644 Theodoro
1333 571 1454 663 Heysio
1487 573 1558 644 viro

349 677 538 762 venerabili,
571 679 617 743 uti
644 685 890 745 consentaneum
920 687 1001 765 erat,
1031 680 1218 764 'diligentins
1244 681 1418 748 confectam
1441 681 1559 749 ederet.

348 789 455 848 tamen
476 801 516 848 ne
538 781 618 846 haec
640 782 769 864 quidem
789 783 955 863 satisfacit,
980 785 1032 850 vel
1047 805 1087 850 ea
1107 786 1148 850 de
1168 805 1278 871 causa,
1302 786 1388 868 quod
1402 785 1559 870 Heysium

347 895 383 952 ut
403 885 576 952 Victorium
607 886 708 952 codex
731 892 761 949 Γ
788 888 913 954 defecit.
962 895 995 954 et
1024 890 1177 973 singulari
1204 910 1281 956 sane
1311 910 1419 956 errore
1441 890 1560 955 fantium

348 998 412 1075 est,
440 998 475 1055 nt
500 991 533 1056 in
563 990 741 1058 indicandis
762 993 814 1058 vel
835 993 968 1076 vulgata
989 995 1042 1058 vel
1063 995 1195 1079 propria
1216 995 1397 1060 coniectura
1419 994 1560 1079 Heysius

347 1096 438 1178 signo
467 1117 512 1180 γρ.
542 1115 619 1161 nsns
645 1095 789 1179 legentes
814 1097 847 1161 in
871 1116 1011 1163 errorem
1025 1099 1241 1166 necessarium
1257 1098 1437 1164 deduceret.
1474 1097 1560 1180 quod

347 1200 425 1265 data
446 1219 545 1284 opera
573 1219 676 1284 nuper
698 1201 842 1267 Prinzius
869 1203 1015 1286 exposuit
1037 1201 1248 1284 (Fleckeisen.
1272 1223 1342 1269 ann,
1365 1203 1452 1268 CVII
1472 1201 1559 1288 315),

347 1305 456 1370 codice
479 1304 603 1370 conlato
627 1311 739 1388 sponte
760 1305 963 1388 intellegitur.
1001 1305 1238 1390 exeribamssego
1255 1327 1336 1389 quae
1352 1307 1453 1372 codex
1468 1307 1561 1372 aliter

257 1418 259 1422 '
347 1415 442 1491 atque
471 1407 569 1474 editio
596 1409 744 1492 princeps
765 1409 905 1494 exhibet,
936 1411 1031 1476 tacite
1058 1412 1208 1476 correctis
1230 1412 1426 1476 conlatorum
1448 1410 1560 1476 errori-

346 1513 415 1578 bus.
460 1519 493 1577 at
525 1513 585 1596 eis,
622 1531 704 1594 qnae
731 1519 817 1579 recte
847 1515 1006 1598 legerunt,
1036 1515 1214 1600 conpendia
1243 1515 1411 1600 adscripsi,
1439 1533 1498 1600 per
1519 1515 1560 1579 W

347 1617 531 1700 Walbergio
554 1636 613 1700 per
634 1616 673 1682 H.
694 1617 816 1702 Heysio
842 1619 1043 1703 significatis3
1066 1639 1107 1684 ea
1128 1639 1204 1685 vero
1227 1638 1309 1701 quae
1332 1625 1387 1684 aut
1408 1639 1467 1703 por
1485 1637 1560 1702 apo-

350 1720 476 1805 grapha
489 1726 553 1786 ,aut
573 1741 633 1804 per
654 1721 784 1786 Furiam
803 1723 991 1788 constabant
1012 1723 1162 1789 cancellis
1184 1724 1301 1808 saepsi.

400 1857 521 1911 Titulum
540 1873 571 1910 er
590 1856 788 1926 subscriptione
807 1861 945 1927 sumptum
961 1859 1022 1913 add.
1042 1858 1084 1913 (12.
1122 1857 1153 1914 0¹
1170 1859 1278 1930 magnis
1293 1859 1381 1914 literis
1394 1857 1559 1931 Αὐτουργός

472 1943 672 2012 suprascripsit.

401 2050 591 2117 argumentum
609 2050 638 2102 ot
654 2063 831 2116 personarum
847 2049 928 2104 iudex
941 2047 1047 2104 desunt.
1066 2049 1108 2104 W.
1121 2051 1156 2104 H.
1186 2049 1258 2103 hunc
1270 2048 1377 2104 addidit
1390 2049 1419 2104 in
1433 2053 1561 2102 Tmarus

471 2149 573 2188 recens.

348 2239 386 2278 vs.
418 2221 435 2274 2
470 2218 537 2294 ἄρας
554 2219 576 2274 C
593 2219 670 2274 addit
682 2215 824 2276 Victorius
843 2242 853 2273 ι
872 2221 1040 2291 subcriptum
1060 2222 1141 2276 etiam
1160 2224 1253 2276 contra
1270 2221 1346 2290 leges
1367 2221 1507 2276 sermonis.

400 2309 434 2362 19
469 2305 529 2374 ἥδ’
549 2305 578 2361 C.
614 2307 658 2375 ἥδ’
678 2314 708 2362 Γ.
743 2307 786 2376 ἡδ’
805 2309 874 2362 Vict.
910 2309 943 2362 H.

346 2387 347 2390 ¹
388 2395 433 2464 (23
468 2391 675 2462 ἐβουλεύσαντ’·
695 2395 838 2469 ὠμόφρων
858 2395 993 2469 δ’ὅμως.)

399 2483 435 2538 30
469 2497 551 2549 supra
568 2488 726 2552 φθονηθείη
744 2488 898 2554 μεμφθείη.

389 2569 434 2636 (32
469 2567 560 2639 φύλαξ
579 2566 609 2622 C.
628 2567 681 2638 W.)

397 2655 432 2710 34
467 2654 536 2724 ἡμῖν
561 2653 594 2720 δὴ
614 2655 716 2708 δίδωσι
734 2653 763 2708 C.
801 2656 832 2708 ’δὲ
853 2655 950 2710 inserit
974 2654 1040 2710 0⁹11
1082 2657 1252 2714 scribendum
1275 2656 1361 2726 igitur
1387 2673 1419 2712 ex
1444 2655 1560 2713 Stobaeo

469 2740 538 2812 ἡμῖν
554 2759 586 2811 γε
604 2739 668 2814 μὴν.

397 2829 432 2882 43
470 2826 565 2882 οὔποτ’
584 2825 652 2902 ἀνὴρ
671 2827 692 2880 C
711 2830 742 2880 ut
759 2827 903 2884 Victorius
941 2828 1023 2883 schol.
1044 2830 1186 2890 δεικτικῶς
1203 2829 1265 2882 ἀντὶ
1282 2833 1331 2882 τοῦ
1351 2826 1417 2900 ἐγώ.

399 2916 434 2969 44
470 2915 552 2968 schol.
570 2934 614 2986 γρ.
633 2913 731 2982 αἴσχυν’
750 2913 779 2967 ἰν
798 2912 871 2981 εὐνῇ.

397 3002 431 3056 77
468 2999 546 3056 adest
562 3001 678 3066 lineola,
698 3015 778 3069 quarn
795 3003 867 3054 reete
886 3001 1059 3070 interpretati
1078 3006 1142 3056 sunt
1161 3009 1186 3055 Γ
1200 3006 1228 3057 et
1245 3003 1388 3056 Victorius.
1419 3001 1460 3055 W.

398 3087 433 3142 80
468 3087 552 3140 schol.
575 3088 668 3144 coritis
684 3086 741 3138 ἀπὸ
759 3085 852 3158 μόνου
871 3088 899 3152 ζῆ
918 3092 967 3140 τοῦ
985 3089 1189 3142 ἀνακαλεῖσθαι
1208 3089 1305 3148 troie·
1332 3089 1403 3162 πρὸς
1423 3093 1503 3141 τοῦτο
1528 3088 1560 3142 ot

466 3178 513 3226 καὶ
530 3172 561 3226 τὸ
581 3171 633 3226 σὺν
642 3170 743 3240 Ἀθηνᾶ
761 3176 807 3224 καὶ
822 3180 908 3242 χεῖρα
925 3180 1006 3226 κίνει.

397 3261 431 3317 95
468 3262 546 3314 δυεῖν
565 3257 617 3312 CF.
655 3259 735 3311 δυοῖν
753 3259 944 3328 suprascripsit
962 3257 996 3314 0Ἰ
1015 3263 1046 3314 ut
1064 3277 1170 3330 semper
1187 3262 1250 3318 fere.
1286 3263 1327 3319 W.

386 3347 431 3418 (96
467 3362 553 3416 marg.
571 3347 608 3399 ἵν’
627 3344 758 3416 ἐμβάλω.)

380 3435 432 3490 102
446 3455 452 3466 ·
468 3449 549 3502 supra
562 3431 630 3490 Ἕως
646 3429 725 3490 Ἠώς.

380 3521 431 3575 108
466 3521 656 3589 ἔγκεκαρμένω
673 3521 706 3572 ut
723 3519 857 3574 Victorius
877 3519 907 3574 O.
943 3521 977 3575 Η.

380 3609 431 3662 116
467 3605 515 3660 καί
537 3608 567 3676 μ’
590 3606 663 3660 ἔτεκε
689 3603 718 3659 C.
754 3613 803 3660 καί
826 3608 1081 3678 persteterunt.
1117 3609 1158 3664 W.
1195 3609 1288 3664 malim
1301 3606 1416 3664 κᾶτεκεν
1427 3627 1463 3680 με
1477 3623 1556 3678 qnam

468 3691 584 3748 Soidleri
603 3698 652 3745 καί
668 3695 697 3762 μ’
716 3692 812 3747 ἔτικτε.
896 3739 917 3768 ει
1427 3753 1431 3757 .

377 3781 427 3835 117
463 3781 612 3854 revocatos
632 3779 661 3833 Ο.
680 3779 750 3833 Vict.
789 3782 939 3857 τυνδαρέου
960 3787 984 3834 Γ
997 3782 1072 3838 varia
1090 3783 1205 3837 lectione
1224 3799 1255 3836 ex
1272 3781 1326 3838 989
1345 3785 1460 3854 sumpta.

467 3867 555 3939 κούρα
575 3864 605 3920 C.
641 3864 711 3939 κόρα
730 3881 751 3918 c.
1214 3871 1216 3876 '

378 3951 429 4008 120
464 3957 519 4025 φεῦ
538 3958 592 4025 φεῦ
615 3957 750 4022 σχετλίων
772 3951 882 4007 GVict.
924 3957 980 4008 τῶν
1008 3955 1105 4008 inserit
1122 3971 1144 4008 c.
1180 3953 1284 4009 scilicet
1310 3971 1358 4022 pro
1385 3953 1483 4008 iudicio
1508 3967 1556 4006 sno

463 4039 599 4094 Victorius
624 4039 780 4094 correctoris
807 4055 821 4093 c
845 4037 1030 4096 additamenta
1048 4041 1167 4096 iniusto
1185 4041 1203 4094 i.
1225 4049 1251 4094 e:
1268 4041 1480 4097 coniecturarum
1497 4038 1556 4093 loco

465 4126 569 4182 habuit.

376 4215 428 4270 122
464 4215 493 4268 ἐν
513 4213 580 4268 ricta
598 4211 629 4267 0.
667 4210 699 4278 δή
711 4212 789 4266 addit
805 4228 827 4266 o.
1138 4281 1142 4284 -

377 4303 427 4356 123
463 4318 504 4354 κα
522 4300 551 4354 in
570 4305 661 4354 κεῖσαι
680 4297 715 4354 0²
733 4299 762 4352 in
780 4315 882 4354 rasura.
918 4299 990 4354 idem
1010 4303 1041 4353 ut
1057 4316 1107 4368 pat·
1126 4303 1168 4354 est
1188 4305 1217 4354 Γ.

375 4388 426 4442 131
462 4387 576 4441 alterum
595 4383 708 4458 οἰκτρὰν
726 4388 789 4453 post
807 4386 946 4460 λατρεύεις
960 4387 1057 4440 inserit
1073 4403 1094 4440 c.
1130 4383 1171 4440 W.

375 4474 426 4528 132
462 4471 552 4528 λιπών
570 4471 630 4526 add.
653 4471 687 4526 0²
706 4487 785 4542 quem
803 4473 925 4543 sequitur
945 4479 973 4527 Γ.

376 4561 427 4615 133
463 4557 606 4635 πατρώαις
624 4559 654 4614 C.
690 4559 732 4614 W.
