3626 5288
790 402 827 457 11.
844 405 870 458 2.
1388 403 1439 460 15‘1

224 581 289 646 52*
356 574 520 653 πολύιόος.
566 580 639 660 post
661 581 734 640 415.
860 566 863 570 ’

397 681 496 747 Aetas
523 681 667 762 sequitur
694 699 734 744 ex
762 699 857 746 versu
882 686 960 763 642,
983 687 1002 744 3
1026 674 1125 742 πενία
1147 675 1183 743 δὲ
1206 675 1327 765 σοφίαν
1350 675 1443 760 ἔλαχε

399 783 455 850 διὰ
483 781 522 848 τὸ
550 780 707 864 δυστυχές.
751 803 814 848 000
840 782 902 848 huc
928 781 1129 848 referendum
1153 788 1230 867 639,
1258 781 1343 865 quod
1365 782 1442 868 Hip-

397 887 499 972 polyti
539 885 637 952 velati
679 893 736 952 est.
797 892 1030 970 argumentum:
1078 884 1262 970 Apollodor.
1300 885 1442 954 biblioth.

399 991 508 1056 ΙΠ..3.
534 999 562 1055 1.
1157 1019 1164 1032 ‘

227 1114 291 1178 53*
357 1107 591 1196 πρωῑεσίλαος.
1049 1189 1051 1194 Ι

403 1213 591 1299 Argumenti
621 1232 698 1297 pars
732 1213 831 1280 schol.
864 1210 995 1278 Aristid.
1023 1232 1081 1296 pro
1108 1211 1153 1277 IV
1180 1212 1258 1278 viris
1288 1213 1343 1278 IH.
1373 1220 1444 1280 671.

400 1317 496 1382 Dind.
518 1317 659 1384 fabulam
681 1317 780 1402 probe
802 1317 961 1400 cognitam
982 1315 1112 1382 habebit
1134 1316 1188 1399 qui
1211 1316 1443 1402 sarcophagum

404 1421 484 1487 Mus.
506 1420 654 1486 Pioclem.
670 1419 706 1484 V.
725 1427 764 1485 18
782 1419 1009 1506 explanaverit.
1048 1418 1134 1502 quod
1147 1420 1255 1486 nescio
1270 1441 1312 1485 an
1327 1419 1446 1486 frustra

234 1578 236 1582 .
347 1597 348 1600 Ἴ
403 1531 534 1593 conatus
558 1544 636 1590 sum.
682 1524 896 1590 coniecturam
917 1530 1025 1590 tamen
1048 1523 1125 1589 alibi
1147 1543 1331 1609 proponam.

229 1656 270 1714 54
360 1647 514 1713 ΡΗΣΟΣ.
548 1649 740 1710 455-442.
798 1661 800 1666 ’
1353 1683 1358 1692 -

404 1748 517 1815 Crates
540 1747 626 1833 apud
649 1747 744 1814 schol.
768 1746 862 1813 Rhea.
888 1753 949 1812 529
973 1747 1014 1812 ab
1037 1746 1275 1813 adulescentulo
1295 1745 1448 1832 Euripide

402 1851 543 1918 Rhesum
576 1851 702 1918 doctam
736 1871 807 1917 csse
841 1852 894 1916 ait.
945 1849 1052 1916 docuit
1084 1851 1180 1935 igitur
1213 1857 1288 1918 ante
1312 1853 1448 1936 primam

402 1957 566 2022 victoriam
588 1955 801 2041 tragoediam,
829 1955 918 2021 euius
940 1973 981 2020 ne
1003 1955 1141 2038 vestigia
1162 1954 1290 2038 quidem
1311 1955 1448 2021 Alexan-

405 2059 489 2124 drini
519 2060 719 2145 invenerunt,
752 2058 1009 2142 quandoquidem
1039 2058 1209 2124 mediocris
1240 2066 1354 2144 poetae
1380 2060 1447 2125 fetu

409 2169 534 2229 centum
557 2163 648 2228 annis
669 2162 822 2247 Euripide
845 2162 976 2228 iunioris
999 2160 1126 2247 decepti
1148 2169 1229 2228 sunt.

234 2271 298 2350 aci
365 2281 557 2367 neaerae.
602 2288 675 2349 ante
699 2291 772 2348 423.

408 2386 554 2453 Cratinus
581 2387 657 2471 fgm.
680 2387 740 2452 inc.
766 2392 805 2451 16
834 2385 921 2452 ridet¹
946 2385 1055 2453 Sthen.
1080 2393 1157 2471 667,
1188 2384 1451 2469 0014231000-

404 2513 478 2557 nam
508 2492 651 2556 ultimam
682 2489 879 2556 comoediam
910 2489 1024 2556 docuit.
1073 2489 1305 2574 Aristophanes
1336 2489 1452 2574 Vespis

407 2615 478 2660 cam
505 2595 642 2680 primum
669 2594 812 2678 respicit:
844 2599 1064 2678 argumentum
1087 2593 1229 2660 scholion
1252 2592 1295 2658 ad
1318 2591 1450 2676 Gregor.

413 2698 553 2766 Corinth.
580 2698 613 2764 in
636 2698 785 2782 Hermog.
810 2697 968 2763 Welcker.
994 2695 1048 2763 Gr.
1071 2697 1166 2781 Trag.
1190 2697 1229 2762 II.
1255 2705 1327 2764 777.

236 2820 299 2885 56*
365 2813 500 2906 σκύριοι.

361 2923 364 2928 ’
407 2923 496 2989 Haec
511 2922 646 2990 nominis
661 2923 764 2991 forma
777 2943 935 2989 marmore
949 2921 1092 2988 Piraeieo
1105 2921 1319 3006 confirmatum
1339 2919 1453 2986 eadem

412 3027 609 3112 Sophocleae
631 3026 817 3110 tragoediae
839 3026 907 3112 fuit.

238 3155 278 3213 57
351 3147 606 3217 ,ΤΡΩΙΑΛΕΣ

413 3251 452 3317 cf.
475 3252 534 3318 No.
560 3257 588 3316 5.

240 3377 279 3436 58
366 3369 513 3459 τήλεφος.
559 3379 588 3437 3.
632 3367 672 3456 pi.
719 3379 792 3439 438.

413 3475 451 3562 ef.
474 3476 534 3542 No.
560 3484 587 3540 1.
633 3481 866 3558 argumentum:
894 3473 931 3542 Ο.
955 3474 1041 3540 Jahn
1060 3474 1221 3560 Telephos
1240 3473 1307 3540 und
1321 3473 1455 3541 Troiics.

240 3583 280 3642 59
325 3610 327 3615 ·
370 3575 548 3666 τημενίδαι.
623 3565 627 3572 ’

413 3683 554 3768 Respicit
574 3683 670 3748 Arist.
693 3683 772 3748 Ran.
797 3691 882 3749 1338
906 3682 934 3748 si
957 3681 1076 3749 scholio
1098 3679 1197 3748 fides

241 3791 283 3852 60
371 3781 515 3872 τήμενος.

416 3889 456 3956 de
480 3895 666 3975 argumento
690 3889 729 3954 cf.
752 3890 811 3956 No.
836 3897 865 3954 8.

242 3999 280 4057 61
366 3988 543 4081 Ὑψιπύλη.
589 4001 739 4059 411-9.

417 4097 539 4164 06110.
564 4105 593 4162 7.

416 4208 571 4268 memorat
592 4199 822 4286 Aristophanes
844 4199 922 4265 Rau.
942 4206 983 4264 64
1006 4205 1038 4264 66
1051 4197 1181 4284 passim.
1222 4207 1456 4283 argumentum:

416 4304 567 4371 Welckcr
588 4304 627 4370 II.
652 4309 725 4370 554.

244 4407 336 4495 eug)
369 4410 615 4473 coruram
660 4416 688 4473 3.
733 4405 773 4493 rt.
817 4413 1009 4474 411-409.

418 4510 593 4579 011107.
