3594 5292
791 395 814 452 1.
833 395 859 453 6.

150 572 152 580 ’
220 586 258 625 vs.
271 571 324 626 626
358 570 485 646 rancidac
502 571 553 624 ΡΟ.
571 569 745 640 decemper,
763 571 879 646 νηρῇδος
896 588 922 642 p.

271 657 322 712 642
356 653 428 728 πρός
445 659 470 710 o'
487 656 622 724 ἐποίησας
639 659 703 714 CP2.
737 658 762 712 c'
780 674 832 714 om.
848 660 871 710 P
888 673 936 728 per
957 673 1081 712 errorem.

270 743 322 799 646
357 743 426 814 παρ’
446 743 509 815 ἐμοὶ
526 744 578 798 ΡΟ.
613 742 682 814 πρὸς
699 745 769 818 ἐμοῦ
783 761 810 814 p.

268 829 320 886 664
352 827 466 904 μακρὰν
483 830 613 903 ἀπαίρεις
631 832 682 884 ΡΟ.
717 831 746 902 γ’
764 831 862 886 inserit
879 847 903 886 6.
941 830 1013 901 quod
1030 829 1091 886 ride
1110 832 1226 900 quantas
1245 830 1427 886 moreritdis·

354 916 518 986 putationes.
547 919 584 978 Ι66
604 915 779 986 interpolavit
804 917 873 973 illud
897 917 1024 972 metricus
1049 915 1082 972 de
1104 917 1224 972 numeris
1247 917 1382 971 sollicitus
1400 919 1428 971 66

355 1002 447 1072 inepte
466 1001 649 1072 interpolavit.
689 1004 816 1060 cohaeret
834 1005 906 1060 enim
930 1003 975 1059 hic
995 1020 1102 1070 versus,
1127 1001 1276 1058 cuideleto
1294 1003 1428 1074 6616666-

354 1089 468 1160 rogandi
487 1089 595 1160 signum
612 1091 810 1147 restituendum
829 1095 885 1158 est,
903 1108 962 1148 curn
980 1089 1211 1161 praecedentibus.
1247 1089 1427 1160 interroganti

355 1175 529 1247 Iphigeniae,
556 1178 604 1233 ubi
626 1179 680 1232 sita
706 1182 778 1234 esset
802 1179 897 1246 Troia,
925 1195 973 1250 per
1000 1179 1128 1248 ambages
1154 1176 1330 1247 responderat
1352 1177 1426 1246 Aga·

353 1280 476 1331 memuo,
502 1262 553 1318 abi
577 1265 669 1319 661166
687 1265 774 1320 Paris
795 1282 948 1336 ιιιιιιριιανι
962 1265 1127 1330 habitasset,
1154 1263 1226 1334 quod
1248 1262 1318 1328 11116,
1345 1279 1426 1332 quam

353 1349 526 1406 familiariter
545 1351 763 1408 confabulantem
784 1353 888 1408 inducit
905 1353 1065 1423 Euripides,
1088 1369 1142 1408 nou
1160 1349 1299 1421 intellegit
1305 1371 1323 1416 ;.
1335 1349 1427 1420 pergit

352 1437 452 1508 igitur,
477 1439 742 1507 comprecabatur
759 1438 853 1495 abest?
879 1440 994 1496 debebat
1011 1439 1178 1510 Agamemno
1202 1439 1252 1493 hoc
1274 1437 1424 1500 adfirmare,

352 1540 407 1580 nou
425 1525 497 1580 nude
514 1525 637 1596 quidem,
656 1527 703 1582 666
719 1529 751 1581 ut
767 1529 933 1596 spectatores
953 1545 1014 1584 euru
1033 1528 1065 1583 de
1078 1530 1164 1582 morte
1174 1524 1342 1596 Iphigeniae,
1361 1523 1425 1594 Oly-

352 1612 517 1668 taemuestra
535 1611 567 1669 de
585 1613 689 1683 nuptiis
707 1613 822 1670 Achillis
840 1615 959 1686 cogitare
978 1614 1128 1684 crederent,
1148 1613 1233 1668 veluti

568 1698 619 1754 σόν
636 1702 663 1770 γ’
683 1700 764 1773 ὄμμα
782 1699 869 1775 δαρὸν
885 1699 935 1756 οὐκ
954 1699 1091 1771 ἐπόψεται
1109 1697 1217 1773 πατήρ..

351 1789 410 1841 tum
426 1786 583 1857 Iphigenia,
602 1791 634 1843 nt
652 1787 803 1858 simplicem
820 1789 940 1858 puellam
962 1789 1050 1858 decet,
1079 1805 1170 1844 amore
1192 1787 1279 1858 patris
1302 1788 1425 1855 permota

355 1874 500 1942 exclamat,
526 1875 636 1929 atinam
654 1880 740 1929 tecam
760 1877 873 1930 Troiam
891 1891 1001 1946 possem
1011 1875 1159 1946 proficisci.
1182 1878 1231 1931 666.
1267 1874 1333 1928 1666
1358 1871 1425 1928 beno

353 1976 382 2015 se
410 1961 522 2029 habere,
549 1964 642 2017 contra
669 1962 800 2033 quidquid
826 1962 889 2019 inde
910 1981 926 2018 a
948 1962 1108 2018 Marklaudo
1130 1978 1215 2034 usque
1241 1960 1277 2016 ad
1295 1958 1424 2015 Weilium

352 2049 534 2120 excogitatum
565 2053 618 2104 est
639 2053 791 2106 contortum
817 2053 846 2106 et
875 2051 931 2106 veri
962 2049 1095 2106 dissimile
1120 2065 1179 2106 esse
1210 2048 1255 2104 rix
1281 2047 1423 2118 quisquam

352 2135 476 2204 negabit;
510 2137 597 2207 neque
621 2136 742 2192 violenta
767 2137 896 2192 medella:
925 2137 1012 2193 delevi
1034 2138 1138 2193 scilicet
1161 2154 1199 2192 rs.
1224 2135 1288 2199 665,
1318 2133 1348 2190 iu
1370 2148 1422 2203 quo

352 2222 505 2292 Byzantina
523 2223 599 2293 origo
617 2223 763 2278 manifesta
783 2226 825 2278 est
844 2224 946 2294 duplici
963 2225 1030 2280 vitio

590 2313 630 2369 εἰς
647 2308 748 2364 ταύτὸν
764 2309 786 2364 ὦ
803 2308 927 2381 θύγατερ
945 2310 1019 2380 ἥκεις
1035 2315 1076 2380 σῷ
1092 2314 1181 2378 πατρί

353 2398 382 2452 66
405 2397 462 2452 eius
486 2397 544 2451 loco
566 2395 684 2450 ludendo
702 2397 796 2466 aptum
813 2395 931 2466 reposui.
973 2397 1061 2451 oleum
1079 2399 1107 2450 66
1121 2407 1230 2466 operam
1249 2391 1423 2462 perdiderunt

352 2483 440 2540 critici
462 2483 558 2540 iudea
576 2483 723 2552 correctore
742 2503 779 2556 φ,
805 2482 852 2553 qui
877 2481 912 2535 σύ
929 2485 958 2536 θ’
975 2485 1038 2552 post
1055 2482 1176 2556 θύγατερ
1197 2481 1302 2551 posuit;
1324 2480 1354 2534 iu
1372 2479 1423 2534 hac

352 2571 424 2627 euim
448 2569 590 2640 tragoedia
613 2569 668 2624 uisi
693 2569 795 2625 urendo
819 2571 848 2626 66
872 2569 987 2626 secando
1003 2568 1140 2639 Euripidis
1158 2584 1253 2628 manns
1271 2583 1326 2622 non
1342 2566 1421 2622 resti·

351 2658 451 2715 tuitrrrl
1156 2647 1159 2656 ’

265 2746 316 2802 671
351 2747 431 2817 ἔαγε
449 2747 502 2800 ΡΟ.
540 2745 573 2799 ἔα
591 2763 625 2816 γε
640 2748 663 2799 τ’
681 2761 709 2815 p.

265 2831 317 2888 694
351 2837 513 2903 σανανίσχει
531 2834 583 2886 ΡΟ.
619 2829 780 2902 συνισχάνει
795 2825 827 2902 p.
859 2825 1056 2902 συνανίσχεταὶ
1070 2847 1097 2886 6.

265 2919 317 2976 705
351 2923 465 2987 repletae
482 2920 534 2975 ΡΟ.
610 2917 612 2922 ’

265 3006 317 3061 719
351 3009 444 3078 μέλλω
463 3006 510 3061 ἐπὶ
527 3008 578 3065 ΡΟ.
613 3009 706 3080 μέλλω
726 3007 770 3060 ’πί
788 3022 810 3062 6.
844 3009 937 3082 μέλλω
954 3009 981 3078 γ’
1000 3005 1050 3060 ἐπί
1067 3021 1089 3061 6.

265 3093 316 3148 721
353 3091 402 3164 ἅμ’
422 3093 508 3164 ἐχρῆν
525 3096 577 3148 ΡΟ.
613 3094 686 3167 ἅπερ
705 3094 737 3166 μ’
758 3094 780 3149 1.
798 3111 821 3149 6.

265 3181 316 3236 726
352 3185 484 3253 εἴθισμαι
502 3184 555 3237 ΡΟ.
597 3185 707 3252 εἴθισμ1
725 3181 754 3234 ἐκ
772 3198 794 3237 6.

265 3268 317 3324 740
351 3266 443 3322 lituis
459 3269 490 3323 61
509 3271 540 3323 P.
577 3267 675 3329 ἐλθὼν.
697 3271 752 3324 ,0.
788 3265 877 3325 eredo
895 3287 927 3339 γε
946 3283 968 3323 6.

265 3357 316 3411 742
351 3353 402 3423 ἧξα
419 3354 534 3414 terreor
552 3356 604 3410 ΡΟ.
639 3353 680 3423 ᾖξ’
700 3355 738 3410 ll.
755 3372 781 3426 p.

265 3442 316 3497 155
352 3445 392 3502 εἰς
409 3443 462 3496 ΡΟ.
497 3442 524 3501 ἔς
540 3459 567 3511 p.

266 3529 316 3584 757
352 3528 527 3602 Κασάνδραν
543 3531 595 3586 ΡΟ.

264 3616 316 3671 165
352 3612 521 3689 εὐπρώροισι
538 3615 590 3668 ΡΟ.
626 3612 780 3692 εὐπρώροις
797 3632 819 3670 6.

265 3703 317 3758 774
350 3705 462 3762 latrone
480 3703 530 3755 ΡΟ.

264 3790 316 3846 775
352 3795 441 3861 morior
459 3790 511 3844 ΡΟ.
548 3793 649 3860 φοινίαν
667 3806 693 3858 p.

264 3871 327 3932 776
351 3871 539 3947 λαιμοτόμους
556 3878 584 3931 Ο.
619 3871 799 3947 torpescimus
815 3880 846 3932 P.
882 3874 1073 3948 λαιμητόμους
1090 3893 1115 3946 p.

264 3962 317 4032 784
352 3967 456 4022 τέκνοις
472 3963 525 4018 ΡΟ.
560 3966 700 4017 τέκνοισιν
717 3978 740 4018 6.

264 4049 317 4104 834
352 4038 513 4105 61νῶ6Ρο.
547 4037 586 4103 ὧν
603 4066 630 4118 p.

264 4135 316 4192 885
351 4141 457 4208 papale
474 4137 525 4190 ΡΟ.
561 4142 663 4210 γαμεῖς
681 4153 707 4206 p.

264 4222 317 4280 850
351 4222 468 4292 danista
486 4227 537 4280 ΡΟ.
573 4225 720 4296 6661161).
749 4222 1098 4285 666166661611616νικῶς
1121 4223 1169 4279 elad
1187 4222 1219 4278 rei
1238 4227 1350 4296 μέτρον.
1379 4224 1420 4280 ita

353 4311 404 4366 601
424 4307 458 4365 Ο*
476 4309 581 4379 addito,
601 4311 671 4382 quod
689 4311 771 4368 etiam
788 4311 824 4365 Ρ6
841 4310 940 4376 habet,
960 4311 1024 4378 τὴν,
1045 4310 1093 4368 διὰ
1113 4309 1144 4366 τὸ
1160 4315 1270 4384 μέτρον.
1305 4310 1422 4369 recma

350 4397 394 4452 hic
413 4414 518 4468 quoque
535 4399 635 4454 iniuria
653 4402 831 4454 correcturam
848 4416 866 4468 p
884 4415 938 4454 nou
951 4400 987 4454 pr
999 4416 1058 4456 esse
1071 4400 1135 4456 diri.
1171 4402 1199 4454 ct
1211 4399 1333 4456 scholion
1346 4403 1419 4468 certe

300 4479 303 4484 ’
351 4501 406 4540 non
424 4483 520 4540 solitae
537 4503 633 4540 manus
653 4504 679 4557 p.

263 4571 315 4632 856
353 4576 433 4627 ΘΕΡ.
453 4571 506 4631 ΡΟ.
527 4573 661 4630 consentit
678 4569 854 4648 personarum
869 4573 956 4632 index.
998 4559 1003 4568 ’
