3666 5296
366 406 419 466 238
926 409 977 472 III.
995 412 1021 471 t.

367 582 493 650 dixerat
527 566 671 652 Theseus
707 585 772 652 tale
805 585 883 670 quid
920 577 988 652 ἀλλ’
1025 581 1205 677 α’ναχήσεις
1240 587 1430 676 μεταλαβών
1461 573 1581 674 ταδμοῢ

366 689 472 768 καλοῦ,
498 709 578 774 opus
595 691 679 756 enim
698 696 748 757 est
761 691 822 758 hac
837 691 910 777 ipsa
922 693 1087 759 sententia.
1123 692 1260 762 sednon
1282 717 1323 762 ea
1335 695 1376 762 de
1391 715 1489 763 causa
1500 697 1581 762 haec

366 793 496 881 protuli,
525 800 560 861 ut
581 795 712 862 lacunas
735 795 986 864 demonstrarem
1008 803 1064 864 aut
1085 797 1260 866 ludibunda
1282 801 1375 868 Musa
1401 803 1578 887 explerem;

365 919 529 966 removere
556 899 644 966 volui
669 899 923 986 interpolationis
943 901 1155 987 suspicionem
1178 924 1275 988 quam
1293 926 1358 972 non
1380 906 1454 988 sine(
1474 907 1580 992 specie

365 1005 435 1072 veri
456 1004 497 1070 de
517 1003 627 1070 ultimo
648 1024 696 1075 us.
714 1011 777 1069 170
797 1005 952 1072 vocabulo
973 1014 1117 1074 moverat
1136 1008 1317 1096 Numisius,
1339 1010 1426 1077 idem
1438 1012 1580 1076 facturus

364 1109 398 1175 in
430 1129 526 1177 versu
549 1109 604 1193 qui
625 1110 769 1194 proxime
794 1109 959 1196 praecedit
983 1110 1062 1198 Lyci
1088 1114 1240 1182 orationis
1259 1115 1378 1182 ultimo.
1431 1117 1486 1200 qui
1508 1135 1580 1182 cau-

366 1235 435 1300 sam
456 1214 539 1282 hanc
560 1212 650 1300 dicit,
673 1234 730 1281 cur
750 1214 898 1283 Herculis
919 1215 1003 1284 filios
1025 1217 1200 1290 interimat,

584 1314 694 1385 οὔκουν
712 1317 896 1408 τραφέντων
916 1321 1017 1387 τῶνδε
1037 1321 1196 1410 τιμωροὺς
1217 1320 1312 1407 έμαδς

581 1417 684 1512 χρῄζω
706 1423 870 1490 λιπέσθαι
893 1428 958 1490 τῶν
979 1425 1185 1512 δεδραμένων
1206 1425 1307 1517 δίκην.

365 1549 475 1598 veram
500 1529 689 1598 sententiam
713 1529 779 1595 iam
799 1528 1002 1614 Musgravius
1031 1533 1169 1598 restituit
1194 1533 1355 1621 τιμωροὺς
1377 1531 1456 1616 ἐμοῦ
1476 1533 1580 1624 χρῄζω

366 1634 529 1700 λιπέσθαι
550 1637 615 1697 τῶν
636 1631 837 1718 δεδραμένων
859 1630 960 1712 δίκας.
1005 1635 1124 1722 duplex
1147 1639 1301 1706 sermonis
1315 1639 1426 1706 vitium
1441 1646 1578 1707 contem-

302 1815 303 1818 ,
366 1745 440 1825 ptus
464 1738 519 1806 ille
542 1737 718 1824 Camperus
746 1735 804 1826 (ad
825 1737 874 1804 El.
891 1739 969 1827 611)
991 1742 1130 1828 sustulit,
1152 1743 1207 1826 qui
1230 1739 1370 1830 τιμωρόν
1391 1745 1419 1829 χ’
1442 1739 1516 1828 ἐμοὶ
1536 1783 1581 1792 -

364 1841 565 1953 δεδραμένων
587 1837 681 1929 δίκην
706 1842 848 1911 coniecit.
891 1845 1044 1929 postea
1034 1865 1068 1910 1n
1087 1847 1182 1932 longe
1205 1848 1270 1914 alia
1291 1849 1379 1915 abire
1401 1850 1580 1916 maluerunt

366 1948 555 2033 editores,
546 1945 654 2014 mania
678 1947 799 2033 omnia,
823 1947 886 2015 nisi
912 1949 998 2032 qnod
1024 1957 1110 2018 recte
1140 1948 1232 2040 δίκην
1252 1953 1299 2019 illi
1320 1955 1390 2021 lcco
1411 1956 1579 2022 convenire

365 2058 531 2136 negarunt.
574 2052 663 2135 atqui
683 2071 798 2137 presse
819 2053 983 2152 sequenda
1002 2057 1101 2122 'eraut
1124 2055 1274 2143 Oamperi
1295 2058 1444 2143 vestigia,
1474 2079 1577 2143 neque

365 2157 453 2224 aliud
477 2155 604 2243 scripsit
624 2155 795 2242 Euripides
817 2177 914 2242 quam
934 2159 1023 2227 cuius
1045 2160 1242 2292 perturbatio
1264 2163 1421 2247 quomodo
1443 2170 1521 2231 nata
1538 2163 1580 2230 sit

364 2261 513 2330 facillime
534 2261 728 2346 intellegitur

585 2363 699 2433 odaovv
721 2365 908 2454 τραφέντων
930 2367 1032 2436 τῶνδε
1052 2367 1192 2456 τιμωρὸν
1214 2366 1307 2460 δίκην

580 2468 685 2560 χρῄζω
706 2467 871 2536 λιπέσθαι
891 2477 955 2536 τῶν
977 2471 1179 2560 δεδραμένων
1201 2471 1283 2557 έμοί.

364 2575 418 2644 hic
445 2575 541 2662 igitur
562 2575 725 2644 clausulae
747 2571 897 2642 versuum
918 2584 1118 2662 permutatae
1140 2585 1221 2646 sunt.
1266 2581 1373 2666 paullo
1396 2587 1470 2648 aute
1493 2581 1578 2648 simi

364 2683 405 2751 lis
435 2683 514 2750 latet
542 2680 731 2766 couuptcla.
779 2679 890 2748 laudat
910 2681 1017 2769 Lycus
1045 2683 1177 2752 militem
1207 2683 1367 2753 hastatum
1392 2687 1446 2770 qui
1471 2684 1577 2770 μένων

364 2785 490 2872 βλέπει
502 2809 539 2852 te
561 2781 802 2871 κάντιδέρκεται
845 2863 847 2866 .

575 2899 581 2916 '
627 2886 724 2976 δαρὸς
744 2892 874 2971 ταχεῖαν
896 2883 1001 2956 dicae
1024 2887 1116 2972 τάξιν
1139 2888 1293 2977 ἐμβεβώς.

365 2994 490 3062 ridiculi
510 2999 584 3062 sunt
604 2994 660 3078 qui
681 2993 818 3061 celerem
840 2994 962 3061 sulcum
984 2996 1157 3083 explicant,
1179 2997 1283 3082 magis
1297 2997 1423 3065 ridiculi
1436 2999 1491 3082 qui
1505 3019 1577 3085 prc-

364 3099 497 3168 iundum
523 3099 645 3166 sulcum
670 3116 742 3165 cum
759 3097 971 3167 Wakefieldio
993 3101 1195 3167 somniantur.
1241 3102 1486 3188 pulcherrimam
1506 3124 1577 3170 con-

364 3205 563 3292 parationem
592 3202 719 3270 omnino
743 3220 807 3270 non
825 3203 980 3271 intellexit
998 3203 1134 3274 imbellis
1156 3206 1227 3273 nisi*
1240 3207 1273 3273 in
1294 3208 1441 3294 proprios
1460 3229 1577 3294 greges

364 3309 641 3396 grammaticorum
663 3307 764 3376 turba.
809 3309 895 3376 acics
915 3309 1017 3378 hastis
1038 3309 1169 3377 horrida
1190 3319 1381 3398 conparatur
1404 3334 1475 3381 cum
1498 3335 1577 3380 arro

364 3415 471 3484 aristis
505 3415 643 3500 spinoso.
688 3420 722 3482 at
754 3412 863 3481 divina
895 3414 1002 3500 imago
1030 3423 1095 3483 n'cn
1126 3415 1189 3483 fert
1219 3417 1355 3484 otiosum
1384 3418 1577 3486 adjectivum

364 3519 482 3589 nedum
513 3509 693 3586 absurdum.
746 3518 917 3603 requiritur
940 3519 1048 3600 ferreo
1078 3539 1163 3605 sepes
1190 3540 1286 3606 quarn
1310 3522 1469 3608 Vergilius
1497 3521 1578 3590 dixit

364 3626 443 3694 Aen.
470 3624 542 3692 ΧΠ
571 3629 643 3690 664.
694 3623 884 3706 vocabulum
916 3643 1019 3708 aeque
1048 3625 1182 3711 pulchra
1211 3626 1354 3712 suggerit
1379 3626 1576 3714 metaphora,

365 3750 430 3816 qua
449 3728 562 3796 hastae
584 3727 701 3796 missae
722 3748 794 3795 cum
815 3725 942 3796 nivibus
964 3729 1174 3796 conferuntur.
1216 3733 1349 3818 τραχεῖα
1363 3729 1462 3820 νιφὰς
1475 3728 1576 3797 πολέ-

363 3857 441 3919 μοιο
461 3832 619 3900 Pindarus
640 3831 813 3900 dieitlsth.
835 3831 889 3898 IV.
914 3841 965 3900 17.
1001 3836 1129 3921 τρηχεῖα
1145 3830 1290 3918 πολέμου
1304 3833 1420 3924 νεφέλη
1437 3836 1472 3902 in
1486 3855 1576 3922 egro·

363 3939 417 4024 gio
450 3937 595 4022 quamvis
621 3957 686 4004 non
710 3935 892 4004 Simonideo
920 3934 1059 4005 carmine
1084 3937 1178 4005 Anth.
1201 3938 1290 4005 Plan.
1312 3939 1366 4008 ΙΠ.
1389 3946 1440 4006 16.
1488 3939 1577 4026 apud

363 4041 548 4146 Euripidem
570 4041 664 4110 etiam
683 4041 853 4108 verborum
874 4042 1090 4110 conlocatione
1112 4041 1350 4110 commendatur

624 4148 775 4231 τραχεῖαν
793 4143 898 4214 diosa
917 4145 1007 4227 τάξιν
1028 4141 1175 4231 εμβαβώς
1197 4141 1301 4234 δορός.

452 4251 532 4342 Cum
553 4267 651 4338 supra
672 4250 792 4335 aliquot
812 4250 900 4318 locos
920 4269 1139 4319 enumerarem
1160 4251 1275 4336 quibus
1297 4271 1410 4320 versus
1425 4258 1480 4318 aut
1495 4271 1575 4320 unus

363 4364 419 4426 out
450 4334 571 4441 aliquot
600 4354 850 4442 intercidissent,
882 4355 1031 4442 (quorum
1060 4375 1225 4422 numerum
1256 4355 1406 4424 facillime
1430 4363 1576 4442 poteram

362 4459 495 4550 augere)
523 4459 615 4528 omisi
641 4459 765 4528 initium
794 4477 930 4547 magnac
956 4459 1210 4549 declamationis,
1244 4481 1309 4546 qua
1330 4462 1479 4530 Theseus
1495 4461 1574 4528 Her-

362 4568 425 4636 culi
446 4565 675 4654 persuadeto
695 4565 945 4636 vivcrcaudeat.
