3626 5288
801 445 837 505 ΙῘ.
855 449 880 503 3.
1243 443 1246 456 ’
1399 442 1450 504 163

231 621 297 694 rius
334 625 365 691 in
405 645 504 691 aurea
539 623 594 688 illa
633 621 769 688 diatriba
803 621 844 687 de
877 622 1097 704 Anaxagoreis
1130 620 1291 707 Euripidis
1324 622 1452 708 copiose

231 729 417 814 disputavit3
445 749 527 811 quae
552 727 678 812 integra
704 727 834 809 recoqui
862 727 975 810 solent,
999 727 1059 792 etsi
1088 731 1197 791 nostro
1227 725 1355 792 demum
1382 746 1451 792 sae·

232 833 302 898 culo
334 831 538 917 philosophia
566 831 669 913 qualis
701 837 774 896 ante
802 821 967 896 Socratem
999 829 1095 894 fuerit
1124 836 1210 895 recte
1238 830 1365 913 cognita
1394 834 1450 895 est.

230 937 350 1002 frustra
372 935 458 1021 apud
479 935 637 1000 Zellerum
651 934 734 1000 inter
748 934 956 1019 philosophos
971 919 1157 1018 Euripidem
1171 933 1321 1018 requiris,
1344 940 1451 998 tamen

232 1060 272 1105 ex
297 1041 368 1124 ipso
384 1038 608 1105 'Valckenario
634 1037 715 1104 disci
739 1043 857 1122 potest,
892 1037 933 1103 de
960 1044 1074 1103 natura
1100 1057 1205 1102 rerum
1235 1057 1307 1102 eum
1332 1041 1451 1119 nequa·

231 1163 327 1226 quam
354 1163 426 1208 cum
455 1149 663 1228 praeceptore
690 1143 898 1208 consensisse.
946 1160 1083 1224 namque
1103 1141 1315 1224 Anaxagorae
1342 1135 1474 1228 epoto<

230 1249 311 1334 μερῆ
336 1247 436 1312 multa
462 1252 535 1312 sunt
562 1252 594 1310 et
615 1265 677 1311 uno
700 1245 803 1328 gradu
825 1245 1051 1330 conpositiora,
1079 1251 1114 1309 ut
1135 1243 1181 1309 ita
1202 1244 1320 1329 dicam,
1355 1263 1451 1327 quarn

231 1349 433 1435 Empedoclis
454 1346 624 1436 ῥιζώματα.
670 1349 839 1433 Euripides
865 1347 928 1414 duo
954 1354 1077 1413 tantum
1098 1349 1188 1414 novit
1210 1349 1368 1414 clementa
1389 1355 1451 1414 ter-

230 1475 300 1520 rain
333 1461 365 1520 et
395 1453 539 1538 aethera,
576 1453 631 1536 qui
663 1453 718 1518 ubi
748 1454 937 1519 elementum
969 1458 1017 1518 est
1050 1452 1173 1518 caelum
1200 1471 1326 1536 quoque
1353 1451 1450 1517 audit.

230 1557 338 1642 itaque
361 1577 398 1624 eo
420 1558 492 1642 ipso
515 1557 601 1642 loco,
623 1557 679 1621 ubi
699 1556 904 1640 Anaxagorei
925 1556 998 1621 libri
1019 1555 1143 1622 initium
1165 1557 1309 1640 respicit,
1333 1555 1449 1620 Melan.
1530 1639 1534 1648 ι

230 1661 308 1747 phil.
331 1669 409 1746 488,
438 1654 574 1746 οὐρανός
600 1683 636 1725 τε
665 1654 750 1744 yuiu'
781 1660 808 1724 ν’
836 1653 873 1747 ἦν
894 1657 1003 1746 μορφὴ
1030 1655 1090 1741 μία
1118 1659 1207 1743 dioiq
1240 1660 1451 1743 Anaxagoras

230 1760 314 1847 ὁμοῦ
335 1757 374 1853 ἦν
395 1763 436 1829 τὰ
458 1759 575 1829 πάντα.
621 1763 756 1830 alterum
778 1764 949 1830 discrimen
964 1764 1130 1847 sequentia
1144 1764 1246 1829 verba
1260 1764 1451 1846 monstrunt;

231 1869 401 1961 Euripides
432 1867 516 1935 enim
545 1865 619 1934 ἐπεὶ
645 1869 672 1933 d’
700 1864 926 1955 ἐχωρίσθησαν
950 1859 1092 1954 ἀλλήλων
1114 1863 1204 1948 δίχα,
1239 1867 1451 1951 Anaxagoras

231 1967 304 2051 νόος
324 1969 477 2038 ἐπελθών
500 1969 638 2058 διέκρινε
660 1970 716 2036 καὶ
739 1970 957 2059 διεκόσμησεν.
996 1971 1094 2054 quid?
1127 1965 1354 2056 Ἀναξαγόρου
1373 1965 1451 2056 τρό-

233 2099 290 2164 φις
311 2069 479 2164 ἇρχαίονί)
507 2077 612 2162 ipsum
638 2079 725 2161 ναῦν,
755 2083 886 2161 propter
909 2095 1003 2159 quem
1026 2073 1136 2163 νήφων
1159 2071 1193 2138 ἒν
1214 2070 1283 2161 εἰκῆ
1305 2071 1450 2158 λέγουσιν

233 2181 375 2248 extitisse
401 2181 456 2246 ille
483 2181 700 2266 praedicatur,
727 2200 790 2246 non
822 2181 986 2265 amplexus
1014 2180 1084 2246 est?
1127 2178 1292 2263 indignum
1317 2177 1451 2244 forsitan

230 2285 368 2370 facinus,
406 2292 440 2351 at
471 2306 511 2350 ne
546 2291 771 2350 commemorat
805 2283 934 2366 quidem
954 2303 1110 2366 usquam.
1155 2303 1230 2348 narn
1260 2276 1358 2367 Ζεύς,
1397 2282 1451 2364 qui

231 2376 348 2456 Troad.
372 2396 435 2455 855
460 2393 681 2474 veteriponte
709 2410 729 2453 a
756 2387 946 2471 quibusdam
969 2387 1032 2453 dici
1053 2388 1169 2472 fertur,
1196 2407 1260 2452 non
1281 2385 1450 2468 Anaxago·

232 2513 287 2559 rae
325 2500 373 2560 est
406 2493 465 2560 sed
496 2493 578 2558 alius
611 2492 804 2577 philosophi,
843 2493 950 2557 nescio
984 2491 1087 2574 cuius;
1125 2490 1259 2556 recurrit
1293 2489 1451 2555 sententia

230 2597 304 2680 igni.
331 2589 425 2662 1'007.
470 2595 641 2681 Euripides
669 2595 836 2679 diligenter
864 2595 1053 2661 examinatis
1084 2594 1225 2679 priorum
1246 2591 1449 2678 philosopho·
1477 2644 1480 2652 .

230 2720 300 2766 rum
332 2701 458 2785 placitis
493 2721 610 2766 novam
646 2706 741 2782 atque
770 2703 866 2765 ‘suam
893 2697 1023 2783 protulit
1045 2696 1235 2781 doctrinam,
1264 2713 1366 2779 neque
1388 2695 1450 2760 hac

230 2803 325 2870 laude
345 2803 546 2870 frustrandus
569 2809 631 2888 est,
659 2803 735 2886 quia
755 2801 930 2886 tragoediis
952 2801 1064 2866 maluit
1088 2820 1184 2884 quam
1205 2799 1348 2884 pedestri
1369 2798 1450 2864 libro

232 2927 313 2990 quac
341 2909 471 2974 sentiret
501 2928 670 2992 exponere.
716 2914 810 2990 atque
841 2907 881 2974 ab
904 2906 1098 2989 Anaxagora
1120 2903 1249 2988 quidem
1270 2902 1305 2968 id
1326 2909 1449 2968 mutua·

229 3019 281 3077 tus
303 3019 364 3098 est,
391 3013 542 3077 mixtione
566 3010 704 3094 quadam
727 3031 837 3076 omnes
859 3011 952 3076 huius
975 3009 1085 3075 mundi
1107 3029 1159 3074 res
1180 3015 1274 3074 natas
1298 3027 1378 3074 esse.
1413 3013 1447 3071 at

230 3116 414 3182 mixtionem
435 3117 531 3199 longe
562 3115 657 3180 aliam
688 3135 760 3181 esse
782 3115 894 3200 voluit,
927 3121 958 3180 et
981 3113 1022 3178 ab
1044 3111 1238 3198 Empedocle
1259 3111 1320 3177 hac
1341 3111 1374 3176 in
1394 3110 1449 3176 do-

231 3221 332 3285 ctrina
352 3219 485 3304 propius
508 3220 607 3285 abest.
646 3239 783 3304 namque
805 3219 848 3284 ad
869 3224 1013 3285 veterum
1034 3217 1240 3304 physicorum
1261 3214 1451 3300 principium

231 3343 378 3389 reversus
406 3321 522 3409 (neque
548 3323 713 3388 interierat
740 3343 848 3390 eorum
876 3323 987 3389 schola
1007 3342 1066 3406 per
1088 3321 1283 3386 Heraclitum
1306 3327 1337 3384 et
1359 3319 1450 3383 Elea-

230 3433 293 3512 tas,
326 3434 435 3512 utpote
470 3448 510 3492 ex
543 3447 607 3510 qua
633 3427 796 3510 Diogenes
823 3426 1028 3511 Apolloniata
1061 3431 1093 3491 et
1121 3425 1227 3508 Hippo
1261 3420 1450 3508 penderent)

231 3531 374 3597 omnibus
408 3531 592 3616 corporibus
625 3551 721 3596 unam
750 3531 881 3596 subesse
914 3529 1049 3596 credidit
1075 3520 1185 3614 ἀρχήν,
1219 3545 1353 3609 eamque
1383 3546 1450 3590 rem

231 3641 316 3701 certo
350 3635 476 3701 numine
511 3634 735 3718 definiendam,
768 3655 832 3700 non
864 3632 1123 3721 in'ffcogitatione
1155 3635 1278 3696 tanturm
1304 3629 1449 3714 positam.

231 3841 332 3894 temere
359 3838 486 3903 infixum,
515 3835 612 3892 deinde
630 3833 820 3890 Corsinianum
839 3837 872 3890 de
890 3835 965 3890 cuius
985 3831 1066 3888 leude
1086 3833 1153 3888 olim
1171 3847 1298 3888 concessa
1315 3830 1359 3884 vix
1377 3832 1450 3885 recte

231 3929 327 3996 postea
349 3925 468 3980 detraxit
484 3924 640 3980 Welclrerus
664 3923 706 3991 (A.
724 3923 758 3976 D.
776 3923 808 3978 V.
829 3923 884 3992 97).
921 3925 1011 3976 cetera
1034 3920 1167 3990 quotquot
1185 3918 1242 3973 vidi
1258 3917 1370 3972 minoris
1388 3934 1449 3986 pre·

230 4012 273 4066 tii.
307 4014 337 4066 at
352 4012 381 4066 in
399 4010 505 4080 ingenti
523 4025 633 4064 numero
652 4013 679 4063 et
696 4009 767 4063 oculi
786 4011 814 4062 et
832 4008 962 4062 memoria
979 4007 1122 4061 falluntur.

318 4115 347 4182 3)
365 4114 409 4168 Ita
426 4113 572 4168 Alexandri
583 4112 675 4168 Aetoli
694 4129 801 4167 versum
813 4115 886 4167 reete
898 4109 1051 4166 emendavit
1062 4108 1206 4179 Bergkius.
1231 4105 1303 4177 quod
1314 4105 1451 4160 Nauclrius

231 4217 324 4255 versus
342 4195 406 4255 ilios
424 4199 603 4268 Aristophani
626 4199 763 4254 vindicare
786 4198 892 4253 studuit
912 4199 946 4252 ab
966 4197 1182 4265 eliisexplcsum
1200 4197 1250 4249 est.
1287 4195 1380 4248 contra
1398 4209 1452 4246 non

232 4287 325 4341 dubito
348 4286 435 4341 eidem
452 4287 600 4342 Alexandri
622 4286 735 4340 carmini
755 4286 875 4340 tribuere
895 4283 978 4339 schol.
997 4283 1043 4338 Ar.
1062 4283 1131 4338 Eun.
1148 4281 1201 4338 840
1218 4280 1263 4333 ὅτι
1280 4280 1311 4332 δὲ
1332 4282 1452 4348 λαχανο-

231 4371 355 4432 παίλινίος
373 4372 431 4432 υἱὸς
449 4370 483 4440 ἦν
501 4378 634 4431 Κλεινοῦς
651 4373 850 4446 ὁΕὐρνπίιίης,
861 4370 1038 4440 Ἀλέξανδρός
1051 4385 1147 4440 φησιν.
1174 4363 1357 4421 Alexandrum
1370 4363 1452 4417 comi·

232 4475 290 4513 eum
308 4459 379 4514 euim
397 4462 469 4514 reete
489 4460 601 4528 negavit
617 4460 769 4513 Meinekius
783 4457 922 4520 extitisse,
946 4473 977 4510 ac
995 4455 1073 4510 video
1093 4471 1147 4508 non
1164 4469 1206 4507 rue
1224 4453 1342 4520 primum
1360 4451 1401 4504 ita
1419 4450 1452 4506 de

233 4546 316 4602 schol.
335 4547 403 4602 Ran.
422 4546 542 4601 indicare
562 4545 608 4600 sed
627 4546 776 4599 Ritschelic
797 4545 866 4598 hane
884 4542 991 4597 laudem
1011 4541 1102 4596 deberi
1121 4539 1231 4608 (Opusc.
1252 4539 1273 4592 1.
1294 4537 1348 4606 li.)

1170 4626 1234 4692 11*
