3594 5292
374 419 393 474 4
948 375 1014 476 [ἰ.

374 595 473 663 lentia
500 595 601 662 codici
629 601 830 681 pepercerat,
862 601 895 660 at
922 596 1113 662 notabantur
1134 615 1283 664 versuum
1304 600 1487 665 mehcorum
1509 599 1587 666 fines

375 700 498 768 duobus
525 703 649 786 punctis
682 721 722 766 ex
754 700 924 766 traditione
960 721 1023 766 non
1052 701 1145 766 nimis
1174 703 1304 785 antiqua
1330 703 1466 770 fortasse
1489 703 1587 790 (certe

374 826 452 890 prae
479 805 685 871 Phaethontis
716 804 824 870 codice
852 804 1096 870 Olaromontano
1134 807 1247 872 mirum
1286 814 1438 890 quantum
1468 807 1590 895 sordet)

374 917 482 976 tamen
499 929 699 992 nequaqnam
718 909 844 992 penitus
864 908 1039 974 abicienda.

463 1015 620 1096 Pleraque
653 1013 694 1079 de
717 1012 835 1080 codicis
862 1018 893 1075 Φ
914 1020 1029 1108 natura
1051 1014 1158 1080 docuit
1178 1016 1386 1100 apographon
1408 1018 1497 1082 initio
1521 1037 1589 1083 sae-

375 1119 438 1184 culi
460 1119 536 1184 XIV
564 1117 753 1202 confectum,
784 1117 886 1182 codex
906 1117 1138 1184 Laurentianus
1160 1120 1260 1204 plutei
1284 1128 1324 1186 32
1349 1121 1520 1188 secundus:
1554 1122 1588 1187 O.

375 1224 464 1288 cuius
479 1223 556 1289 satis
572 1221 757 1306 diligentem
772 1221 1015 1305 descriptionem
1029 1221 1205 1289 Baudinius
1221 1223 1322 1308 dedit,
1335 1223 1361 1310 θ)
1384 1245 1478 1306 quam
1493 1226 1589 1292 velim

375 1347 447 1392 cum
477 1327 558 1392 meis
591 1326 769 1409 conferant,
804 1326 858 1408 qui
883 1331 1047 1392 externam
1077 1327 1150 1392 libri
1176 1328 1336 1394 utilissimi
1363 1328 1497 1396 formam
1519 1350 1589 1414 per-

374 1451 507 1497 noscere
530 1431 667 1514 cupiant.
712 1435 762 1496 est
784 1428 986 1515 chartaceus,
1018 1437 1052 1496 at
1072 1431 1158 1498 illins
1182 1438 1214 1497 et
1236 1433 1403 1498 crassioris
1425 1439 1457 1499 et
1478 1434 1589 1499 tiulvio-

375 1535 419 1600 ris
435 1541 468 1600 et
480 1534 609 1600 levioris
625 1533 754 1598 chartae
763 1583 771 1617 ‚
794 1553 877 1616 quae
892 1534 1079 1619 bombycem
1093 1535 1249 1620 imitatur,
1273 1536 1465 1602 aBandinio
1480 1539 1588 1604 nescio

376 1659 438 1722 quo
460 1639 529 1704 iure
552 1643 732 1704 constanter
754 1657 937 1722 papyracea
958 1645 1081 1704 vocata.
1126 1639 1269 1705 codicum
1298 1641 1394 1724 periti
1420 1641 1523 1706 sciunt
1551 1662 1591 1707 ea

374 1744 489 1810 librum
508 1743 647 1809 melioris
669 1748 764 1808 notae
787 1741 926 1808 doctore
948 1763 1044 1808 manu
1067 1744 1218 1829 scriptum
1240 1744 1308 1810 fere
1331 1744 1472 1811 indicari.
1518 1766 1589 1811 con·

375 1847 454 1913 tinet
481 1846 737 1930 quaternionibus
769 1839 888 1910 α’-θ’
921 1846 1014 1912 fola
1049 1847 1215 1933 Sophoclis
1250 1848 1431 1930 tragoedias
1467 1869 1525 1916 sex
1558 1856 1590 1915 et

375 1951 509 2018 Hesiodi
531 1949 654 2036 Operas
675 1957 707 2016 et
728 1950 821 2034 Dies,
839 1950 900 2016 hoc
922 1971 993 2016 oum
1017 1951 1144 2018 scholiis
1166 1951 1330 2018 futtilibus.
1370 1953 1589 2035 quaternionis

376 2050 410 2120 e‘
437 2055 560 2137 rehqua
585 2075 662 2138 pars
693 2073 757 2118 una
784 2073 856 2118 oum
882 2055 981 2120 tribus
1006 2056 1158 2138 proximis
1189 2056 1322 2139 integris
1344 2055 1503 2122 intercidit
1525 2056 1589 2121 iam

376 2143 449 2226 ante
472 2158 610 2226 medium
633 2157 794 2224 saeculum
816 2158 884 2224 XV.
930 2164 1079 2225 secuntur
1101 2153 1241 2246 ιγ’-ιη’
1270 2160 1387 2226 codicis
1414 2165 1444 2222 (D
1462 2160 1589 2226 t'abulae

375 2263 568 2349 Euripideae
590 2262 828 2348 aSupplicibus
850 2282 950 2344 usque
973 2263 1016 2328 ad
1032 2263 1199 2350 Helenam,
1220 2257 1268 2328 cd'
1291 2265 1487 2330 Baccharum
1507 2263 1591 2348 frag-

375 2375 514 2434 mentum
555 2387 637 2432 nunc
679 2367 807 2450 quidem
852 2367 1052 2451 bibhopegae
1096 2370 1215 2434 saeculi
1247 2369 1324 2434 XVI
1360 2370 1482 2434 incuria
1518 2375 1591 2453 post

375 2472 601 2558 paenultimam
624 2471 807 2556 Supphcum
829 2471 939 2536 folium
958 2472 1136 2556 traiectum,
1158 2473 1231 2538 dein
1254 2472 1378 2539 Rhesus
1394 2474 1451 2538 lou
1465 2473 1590 2557 Iphige-

374 2579 448 2644 niae
476 2576 669 2662 Hippolytus
703 2581 735 2640 et
767 2576 889 2658 reliqua
920 2575 1037 2642 codicis
1071 2582 1110 2641 d).
1165 2578 1288 2652 scribae
1322 2597 1401 2660 quos
1435 2578 1591 2642 communi

375 2682 501 2748 nomine
524 2699 636 2746 manus
658 2679 781 2772 primae
804 2680 959 2764 conplecti
980 2681 1055 2746 licet
1077 2681 1312 2765 distinguuntur
1332 2687 1411 2766 tres,
1435 2700 1515 2746 unus
1535 2681 1589 2762 qui

376 2793 475 2852 totum
508 2780 626 2850 codicis
657 2788 688 2844 d)
715 2784 863 2848 volumen
890 2804 953 2849 non
981 2804 1044 2849 uno
1071 2784 1199 2866 quidem
1222 2793 1348 2870 tenore,
1377 2791 1410 2849 at
1432 2782 1589 2850 scribendi

375 2909 493 2975 genere
522 2887 606 2970 quod
635 2887 785 2954 facillime
813 2889 965 2954 aectoris
989 2888 1176 2973 dignoscas,
1208 2889 1377 2973 diligenter
1399 2906 1590 2971 quamquam

375 3013 489 3078 parum
521 2991 620 3058 nitide
654 2993 824 3076 expressit3
837 2991 862 3079 ⁷)
896 2993 977 3058 alter
1009 2993 1112 3077 magis
1143 2993 1243 3060 nitide
1272 3015 1331 3060 nec
1360 2993 1457 3058 multo
1486 2991 1589 3054 minus

377 3195 485 3248 exarata
502 3189 661 3263 Εὐριπίδου
677 3187 841 3250 Ἱππόλυτος
860 3186 1069 3264 στεφανηφόρος
1087 3193 1136 3246 est.
1170 3207 1224 3244 non
1240 3190 1326 3260 igitur
1344 3190 1410 3244 haec
1428 3187 1521 3243 tabula
1532 3187 1587 3240 sin·

376 3279 465 3349 gulari
491 3277 576 3332 titulo
597 3275 626 3329 in
653 3274 674 3328 O
699 3275 841 3344 designata
866 3292 925 3330 esse
951 3276 1004 3330 dici
1023 3276 1145 3331 debebat.
1183 3277 1254 3346 quod
1275 3293 1337 3330 vero
1355 3275 1464 3330 Orestes
1491 3273 1590 3326 dicitur

376 3367 482 3421 Electra
499 3362 623 3426 inscribi,
643 3379 715 3416 error
732 3362 830 3417 Euriae
849 3365 904 3427 est,
925 3351 970 3432 qui
988 3363 1081 3417 eodem
1100 3365 1158 3418 iure
1176 3364 1313 3418 Electram
1330 3358 1484 3431 αὐτουργόν
1501 3359 1590 3412 Hecu·

375 3454 438 3507 bam
457 3448 633 3520 Πολύδωρον
655 3449 817 3504 Phoenissae
839 3449 981 3528 Ἰοκάστηρ
1007 3451 1098 3505 uocari
1113 3453 1220 3519 potarat
1238 3449 1343 3505 testari.
1378 3447 1505 3501 nimirum
1525 3444 1591 3498 defi·

377 3541 464 3594 ciente
484 3536 565 3603 titulo
592 3536 738 3590 anomine
763 3541 812 3589 τοῦ
839 3539 1054 3608 προλογίζοντος
1079 3537 1236 3607 tragoediae
1257 3535 1406 3590 ordiuntur.
1443 3548 1495 3601 quo
1514 3531 1591 3585 modo
1623 3538 1624 3542 ’

376 3643 420 3680 res
437 3624 467 3678 in
485 3621 599 3678 Bacchis
618 3638 646 3676 se
663 3622 773 3686 habeat,
794 3623 929 3689 nescitur,
954 3624 1080 3693 quoniam
1099 3624 1165 3678 haec
1182 3621 1323 3692 tragoedia
1343 3636 1375 3674 ex
1392 3619 1452 3674 aliis
1472 3617 1591 3672 fontibus

376 3710 523 3780 repetenda
540 3711 589 3763 est.
625 3708 730 3763 videtur
745 3713 835 3764 emen
855 3711 934 3764 aliter
953 3726 1011 3765 sese
1028 3711 1139 3766 habere:
1164 3710 1295 3764 Stobaeus
1312 3707 1384 3762 enim
1396 3705 1512 3760 Panthei
1524 3704 1591 3757 titu-

376 3800 434 3852 lum
455 3795 546 3860 novit,
577 3795 766 3866 Victoriusque
790 3797 923 3866 potiorem
948 3797 974 3850 ei
999 3797 1081 3852 iidem
1104 3796 1214 3860 habuit,
1243 3795 1314 3864 quod
1337 3809 1430 3846 verum
1455 3807 1509 3844 non
1533 3806 1592 3844 esse

377 3883 525 3940 didascalia
542 3882 650 3936 clamat.

466 3971 499 4036 c),
512 3968 573 4022 Non
597 3969 697 4038 inpune
720 3970 884 4026 Baudinium
905 3973 1085 4042 neglexerunt
1110 3969 1241 4032 editores,
1270 3983 1322 4036 quo
1345 3966 1465 4032 inspecto
1484 3978 1542 4015 cum
1558 3962 1593 4016 ab

379 4057 440 4112 aliis
459 4054 592 4110 cavissent
609 4057 754 4123 erroribus,
770 4061 828 4112 tum
841 4059 981 4114 Dindorfio
1001 4057 1082 4112 [idem
1094 4073 1149 4110 non
1159 4053 1319 4109 habuissent
1334 4048 1505 4104 adseveranti
1518 4048 1593 4116 prius

377 4143 488 4198 Medeae
505 4146 691 4212 argumentum
705 4145 869 4201 Dicaearcho
889 4146 982 4200 tribui.
1020 4143 1092 4213 quod
1108 4142 1190 4196 codex
1207 4139 1283 4194 nullo
1296 4137 1374 4191 modo
1387 4137 1520 4197 testatur,
1538 4134 1591 4188 nisi

377 4231 447 4285 forte
464 4246 493 4284 eo
512 4229 583 4298 quod
599 4230 649 4284 hoo
668 4234 856 4300 argumentum
873 4233 902 4286 in
923 4231 1016 4286 eadem
1033 4230 1134 4298 pagina
1151 4227 1282 4295 scriptum
1300 4225 1356 4285 est,
1378 4221 1408 4274 in
1426 4236 1480 4289 qua
1498 4220 1594 4274 Dicae-

378 4317 503 4372 archeum
528 4317 675 4372 Alcestidis
704 4321 800 4372 excat.
845 4323 963 4374 ceterum
991 4317 1016 4370 si
1039 4316 1199 4377 testaretur,
1226 4309 1398 4371 mentiretur,
1432 4306 1456 4360 si
1486 4305 1594 4375 quidem

378 4403 557 4458 Dicaearchus
569 4403 598 4456 in
615 4403 674 4472 ipso
693 4405 741 4458 illo
761 4410 921 4474 argumento
938 4403 1102 4458 nominatur.

448 4479 491 4559 ’7)
514 4491 554 4545 Ex
570 4507 601 4545 eo
620 4490 691 4559 quod
709 4507 778 4546 unus
795 4491 883 4546 scriba
901 4493 950 4546 illa
966 4487 1057 4544 omnia
1077 4487 1210 4549 exaravit,
1233 4481 1281 4536 uni
1299 4479 1399 4534 codicis
1419 4483 1447 4530 Φ
1463 4478 1594 4541 volumini

378 4593 409 4632 ea
431 4577 531 4640 tribui;
554 4577 625 4645 quod
649 4579 713 4646 quin
740 4577 766 4630 in
787 4577 915 4647 Euripide
944 4577 1003 4630 iure
1022 4573 1124 4628 iactum
1140 4572 1192 4636 sit,
1219 4570 1346 4623 constane
1364 4564 1416 4619 sibi
1435 4581 1483 4633 per
1502 4581 1593 4620 omnes
