3666 5296
359 423 412 478 214
919 421 968 476 111.
987 421 1012 476 4.

359 595 388 663 εἰ
411 597 440 662 δ’
462 589 517 662 cdv
538 595 624 661 idem
645 595 754 661 valere
776 600 872 677 atquc
894 590 968 658 ἐπεὶ
992 593 1020 658 δ’
1044 585 1097 657 οὖν
1114 593 1232 660 frustra
1254 592 1430 659 adfirmant.
1469 589 1571 678 ἥμαρ-

359 725 412 780 τες
434 700 477 768 ad
499 696 528 766 εἰ
550 701 579 765 d'
603 691 657 764 οὖν
683 699 825 784 suppleri
846 719 942 783 posse
956 719 1020 764 non
1034 699 1217 783 probarunt.
1256 697 1467 784 supplendum
1487 703 1573 764 essct

359 806 393 873 id
421 804 506 890 quod
532 805 621 890 prius
644 799 672 868 si
695 804 849 886 sequitur;
877 802 963 889 quod
985 823 1063 869 sane
1085 802 1175 868 nihili
1198 809 1255 869 cst.
1300 804 1367 868 hiat
1387 803 1484 887 igitur
1503 817 1572 868 sen·-

359 911 466 977 tentia.
507 907 643 989 δεπέρα
674 906 733 992 γὰρ
760 903 779 994 ἡ
803 902 896 992 χάρις
923 907 979 973 boc
1005 908 1141 972 alteram
1166 911 1227 988 est,
1259 909 1343 990 quod
1366 908 1426 973 tibi
1446 911 1573 991 pratum

358 1016 459 1098 focio,
489 1015 543 1080 vel
570 1014 655 1097 qaod
685 1011 765 1077 mibi
790 1017 919 1096 pratum
945 1011 1207 1094 focis'Graccum
1228 1017 1374 1096 nonest,
1407 1018 1492 1078 esset
1517 1007 1573 1098 ἥδε

360 1117 491 1204 δευτέρα
517 1114 618 1202 χάρις.
666 1118 727 1183 hoo
757 1123 843 1183 recte
869 1117 1024 1183 intellexit
1053 1117 1295 1183 scholiastamm
1315 1117 1344 1182 is
1367 1117 1421 1199 qui
1442 1113 1574 1195 δειτὲρα

359 1245 418 1310 per
448 1220 590 1288 ἐλάττων
623 1222 801 1308 explicavit.
851 1221 919 1286 hiat
943 1222 1041 1305 igitur
1068 1223 1182 1287 iterum
1209 1222 1374 1287 sententia.
1417 1221 1520 1286 inerat
1541 1219 1574 1284 in

360 1331 474 1394 lacuna
503 1328 640 1412 primum
667 1324 818 1411 apodosis
847 1325 1002 1391 enuntiati
1026 1332 1103 1411 507,
1137 1325 1253 1392 deinde
1286 1325 1327 1390 de
1341 1325 1459 1408 ¹aliquo
1490 1323 1575 1407 quod

359 1433 466 1498 nutrix
493 1438 619 1517 gratum
646 1437 702 1496 aut
722 1431 843 1496 faceret
869 1437 925 1495 aut
947 1430 1119 1516 acciperet,
1149 1429 1384 1515 disputabatur3
1398 1435 1400 1440 ’
1413 1428 1499 1512 quod
1519 1429 1576 1493 illa

361 1536 563 1604 oboedientia
583 1533 752 1601 Phaedrae
785 1520 902 1600 minus¹
923 1553 994 1600 esse
1021 1534 1106 1600 dicit.
1155 1534 1358 1600 adcuratiora
1384 1534 1485 1599 conici
1512 1554 1575 1598 non

270 1629 273 1638 ’
360 1647 503 1728 possunt.
551 1641 614 1706 iarn
650 1640 734 1705 enim
759 1640 854 1724 longe
881 1639 947 1704 alia
972 1646 1116 1724 aguntur.
1161 1639 1310 1704 mentitur
1336 1639 1456 1722 nutrix,
1490 1638 1575 1703 domi

362 1745 423 1812 sibi
444 1765 516 1811 esse
538 1745 657 1830 philtra
679 1743 793 1826 quibus
815 1742 964 1809 Phaedra
986 1743 1055 1809 sine
1077 1743 1254 1809 honestatis
1277 1749 1331 1808 aut
1353 1743 1464 1810 salutis
1481 1742 1575 1808 detri-

360 1856 467 1915 mento
490 1871 511 1914 a
531 1850 615 1914 malo
638 1847 767 1914 liberari
788 1848 904 1933 possit,
926 1847 1022 1913 modo
1043 1868 1084 1912 ne
1105 1847 1218 1913 timida
1240 1848 1290 1914 sit.
1335 1847 1430 1912 anxia
1452 1846 1577 1929 quaerit

361 1953 522 2039 Phaedra,
554 1953 662 2036 qualia
686 1953 805 2038 philtra
825 1953 881 2017 illa
904 1952 974 2018 sint.
1019 1952 1124 2018 nutrix
1146 1953 1299 2018 victoriae
1322 1959 1408 2017 certa
1429 1951 1576 2035 ambigue

361 2057 543 2144 respondet.
591 2058 689 2123 instat
710 2056 859 2122 Phaedra
884 2057 1077 2140 tandemque
1104 2057 1317 2142 suspicionem
1342 2057 1473 2140 fatetur,
1501 2076 1577 2120 num

360 2163 442 2228 forte
465 2161 582 2228 nutrix
614 2160 662 2248 (id
688 2161 774 2244 quod
795 2161 919 2228 factura
945 2159 1007 2248 est)
1036 2161 1245 2247 Hippolytum
1271 2161 1361 2226 adire
1387 2161 1472 2226 velit.
1520 2160 1577 2224 illa

361 2288 426 2333 non
447 2273 545 2352 negat
565 2266 639 2352 hoc,
663 2265 722 2333 sed
744 2272 851 2332 tacere
872 2265 1055 2331 Phaedram
1075 2265 1175 2349 iubet3
1202 2265 1297 2332 modo
1325 2266 1385 2331 sibi
1405 2265 1576 2350 opituletur

361 2371 520 2436 δέσποινα
554 2366 674 2434 ποντία
710 2369 840 2451 Κύπρις
871 2370 980 2455 (quam
1015 2369 1136 2436 eisdem
1169 2371 1276 2436 verbis
1308 2369 1458 2435 Phaedra
1489 2369 1576 2434 iura·

360 2482 453 2542 verat
489 2475 544 2541 ubi
586 2473 749 2541 adulteras
787 2472 1028 2560 deprecabatur.
1086 2475 1255 2560 praeclara
1288 2474 1391 2540 ironia
1423 2475 1576 2558 interpre-

361 2587 410 2646 tes
440 2579 560 2667 latuit),
594 2599 629 2645 se
662 2599 731 2644 rem
762 2579 844 2644 benc
874 2585 1051 2663 gesturam,
1078 2578 1251 2644 indicatam
1278 2579 1388 2644 amicis
1414 2579 1469 2660 qui
1494 2577 1578 2642 intra

362 2683 460 2750 aedes
492 2684 563 2750 sint
608 2684 713 2749 lenam
740 2683 828 2749 abire
854 2683 974 2769 patitur
999 2683 1156 2748 Phaedra.
1207 2683 1321 2749 chorus
1346 2682 1454 2748 futura
1485 2701 1576 2766 prae-

362 2789 490 2872 sagiens
523 2787 650 2853 Amoris
683 2786 855 2872 tyrannida
888 2787 973 2853 canit
1004 2787 1197 2872 letalemque
1230 2787 1299 2854 eius
1329 2787 1393 2852 vim
1424 2786 1595 2873 exemplis

361 2893 517 2959 inlustrat.
1222 2896 1223 2900 ’

449 2997 522 3062 Non
543 2997 649 3063 minus
672 2997 804 3082 egregia
825 2996 906 3062 hacc
928 3017 1065 3064 scaenae
1086 3019 1162 3083 pars
1186 3005 1235 3064 est
1261 3019 1357 3082 quam
1384 3019 1467 3082 quac
1493 3000 1577 3064 lacu-

362 3121 438 3166 nam
455 3101 628 3186 praecedit.
673 3101 732 3168 sed
753 3101 856 3166 inanis
879 3108 940 3186 est,
971 3103 999 3168 si
1020 3103 1210 3188 interpretes
1232 3123 1343 3168 verum
1365 3102 1526 3187 dixerunt,
1549 3105 1578 3169 si

363 3204 512 3270 Phaedra
533 3201 672 3291 μίσητρα
693 3226 714 3271 a
734 3205 856 3272 nutrice
879 3208 998 3273 arcessi
1020 3206 1129 3272 eredit.
1165 3207 1314 3292 ambigua
1336 3207 1465 3290 quidem
1479 3208 1578 3273 verba

364 3315 437 3376 sunt
460 3316 521 3374 509
546 3329 629 3393 sqq.;
661 3317 695 3375 at
720 3310 869 3394 ambigue
899 3311 986 3394 loqui
1007 3312 1099 3378 lenae
1122 3317 1183 3396 cst,
1209 3332 1269 3377 nec
1290 3312 1441 3396 ambigua
1470 3332 1578 3378 secun-

241 3412 243 3421 '
363 3420 423 3478 tur.
469 3433 551 3496 quac
571 3413 726 3479 nutricem
748 3435 807 3499 per
821 3415 978 3481 Venerem
1001 3417 1106 3480 iurare
1128 3416 1261 3501 patitur,
1284 3417 1386 3481 amori
1407 3438 1471 3483 non
1492 3418 1577 3482 vale-

364 3517 455 3582 dixit.
490 3537 572 3601 quae
587 3519 705 3586 talibus
719 3520 882 3604 responsis
897 3519 1075 3603 adquiescit
1090 3508 1259 3586 resistendi
1273 3522 1469 3587 voluntatem
1485 3522 1577 3587 simu-

363 3623 421 3708 lat,
451 3643 513 3688 non
542 3629 637 3689 tenet.
682 3623 761 3689 nihil
783 3631 955 3710 expectare
977 3631 1082 3710 potest
1102 3626 1164 3691 nisi
1185 3625 1338 3691 nutricem
1361 3625 1403 3691 ad
1424 3627 1577 3712 Hippoly-

363 3734 429 3792 tum
451 3734 539 3793 rccta
561 3728 765 3814 contendere,
787 3730 840 3795 vel
861 3730 967 3813 potius
989 3727 1161 3815 (loquimur
1177 3731 1260 3795 enim
1273 3729 1313 3796 de
1328 3732 1460 3805 muliere
1475 3731 1577 3796 diver-

364 3832 498 3898 sissimis
521 3831 699 3899 adfectibus
715 3833 914 3921 perturbata)
928 3853 1040 3899 verum
1055 3835 1242 3920 suspicatur,
1258 3842 1292 3900 at
1306 3841 1434 3900 veretur
1448 3834 1578 3900 credere

363 3955 399 4000 se
427 3937 493 4000 iam
518 3937 552 4002 in
578 3957 688 4002 earum
710 3955 841 4003 numero
864 3958 949 4022 esse,
984 3944 1150 4021 questam
1173 3939 1314 4023 graviter
1336 3939 1495 4005 detestata
1517 3946 1577 4022 est;

363 4041 502 4125 resurgit
523 4062 615 4128 spes,
637 4061 749 4107 verum
771 4041 891 4108 dixisse
912 4043 1079 4127 nutricem,
1103 4050 1250 4108 sanatum
1266 4063 1301 4109 sc
1315 4044 1355 4108 iri
1376 4041 1409 4130 (i.
1427 4065 1453 4109 e.
1470 4064 1577 4110 amore

362 4145 535 4231 potituram
557 4145 643 4234 esse)
666 4146 734 4212 sine
756 4145 862 4212 famae
884 4146 1086 4213 detrimento:
1109 4147 1155 4212 ita
1177 4148 1385 4214 tremebunda
1407 4148 1449 4214 ad
1464 4149 1578 4216 ostium

363 4249 470 4316 defixa
491 4257 613 4336 manet,
636 4249 712 4316 dum
734 4251 849 4317 chorus
872 4257 991 4336 cantat,
1014 4252 1158 4334 coquitur
1180 4252 1300 4337 duplici
1315 4253 1523 4337 dubitatione,
1547 4259 1579 4322 et

363 4354 530 4420 adituranc
553 4355 595 4420 sit
615 4356 721 4420 nutrix
743 4357 952 4448 Hippolytum
974 4376 1087 4441 necne,
1112 4363 1143 4422 et
1165 4357 1193 4424 si
1215 4357 1330 4422 adierit
1351 4358 1428 4440 quid
1450 4377 1577 4442 respon·

363 4477 455 4524 surus
483 4459 531 4524 sit.
581 4479 655 4524 mox
681 4462 889 4544 auscultatur,
918 4480 1014 4543 quam
1040 4460 1161 4526 cmdeli
1190 4461 1364 4526 acerbitate
1385 4462 1578 4546 Hippolytus

362 4563 479 4630 virtute
502 4582 560 4629 sua
580 4563 767 4648 superbiens
788 4567 956 4631 scelestam
977 4565 1143 4632 mulierem
1163 4565 1317 4650 repudiet.
1354 4564 1456 4656 (illum
1470 4584 1577 4653 super-
