3594 5292
350 415 397 515 '54
933 416 955 470 I.
972 418 999 471 8.

362 594 461 656 tatem
489 590 643 675 exemplis
665 587 852 674 probantur)
883 589 942 655 sed
963 588 1006 654 ad
1027 589 1260 674 infringendam
1278 589 1478 655 Prinnianam
1501 607 1572 654 con-

362 699 468 762 tentus
483 695 552 761 sim.
589 694 720 779 protulit
735 713 787 778 ea,
808 713 891 776 quae
905 693 1079 760 secundum
1093 694 1223 760 Hinckii
1237 694 1431 760 conlationes
1446 693 1574 758 diversa

361 799 395 864 in
416 799 558 865 Helenae
587 798 737 865 trecentis
767 798 877 882 primis
900 799 1045 864 versibus
1068 799 1308 866 observaverat:
1336 796 1574 882 quatuordecim

361 908 483 970 tantm
516 903 577 968 loci
608 909 688 969 sunt.
738 901 882 969 conferas
911 903 1007 969 velim
1037 909 1113 987 quot
1145 923 1243 988 supra
1273 923 1314 970 ex
1343 902 1494 968 fratribus
1520 901 1573 968 ΡΟ

363 1013 506 1074 enotatos
529 1007 660 1073 habeas.
697 1013 738 1072 at
760 1027 800 1073 ex
821 1006 910 1073 hisce
932 1008 1073 1093 septiens
1095 1012 1125 1070 Γ
1144 1027 1214 1073 cum
1237 1001 1275 1073 O'
1298 1007 1471 1092 consentit,
1500 1005 1535 1093 (a
1556 1025 1575 1072 c

363 1110 530 1179 dissentire
553 1115 584 1174 Γ
599 1111 676 1194 quid
697 1110 847 1198 probati)
870 1113 969 1178 semel
984 1131 1055 1178 curn
1071 1118 1147 1178 nota
1160 1113 1329 1196 marginali
1343 1111 1383 1197 O,
1393 1111 1419 1198 ²)
1443 1117 1493 1177 ter
1508 1130 1574 1178 cor·

362 1215 519 1301 ruptelam
541 1216 609 1282 eius
631 1214 789 1300 lectionis,
813 1234 908 1298 quam
931 1209 969 1281 θ’
992 1215 1102 1301 habet,
1125 1207 1316 1301 praebet-
1329 1217 1478 1282 nimirum
1494 1215 1574 1282 haec

362 1319 566 1404 integriorem
595 1319 714 1386 fontem
730 1320 921 1387 ostendunt.
966 1327 1087 1388 restant
1112 1327 1178 1388 tres
1207 1321 1304 1404 igitur
1322 1321 1385 1386 loci
1406 1320 1440 1385 hi
1460 1320 1531 1386 Hel.
1555 1328 1574 1385 3

362 1419 502 1507 μυίαςθ
537 1417 617 1508 γύας
638 1429 669 1486 Γ
702 1417 937 1506 ΘδώμασινΟ
974 1418 1103 1507 δώμασι
1118 1429 1148 1487 Γ
1182 1431 1245 1489 202
1268 1418 1427 1504 αἰσχύνας
1441 1418 1525 1512 ἡμᾶς
1540 1415 1574 1490 C'

363 1521 515 1608 αἰσχύνας
533 1523 618 1614 ἡμᾶς
636 1527 680 1594 0²
720 1521 883 1608 cleptica&
899 1523 982 1615 ἡμᾶς
1002 1534 1036 1593 Γ.
1076 1529 1147 1612 quis
1163 1527 1351 1614 crediderit,
1373 1528 1447 1594 hinc
1461 1547 1577 1594 novam

364 1637 396 1698 et
428 1630 603 1698 inauditam
636 1649 704 1700 rem
731 1631 873 1698 firmari?
923 1639 1062 1700 ceterum
1091 1626 1259 1716 3μ1αςο
1300 1628 1392 1717 μυίας
1413 1653 1439 1698 c.
1495 1629 1574 1699 cxl

364 1729 581 1822 ἐφιλκυστικῷ
611 1741 644 1802 et
673 1736 785 1822 spiritu
811 1757 979 1822 perperam
1005 1736 1115 1803 addito
1137 1756 1220 1820 quae
1241 1735 1361 1822 pendet
1382 1737 1489 1822 opinio
1511 1755 1575 1804 non

363 1839 441 1906 mihi
462 1844 584 1906 tantum
605 1860 680 1906 mox
702 1859 816 1907 casura
838 1861 910 1908 esse
931 1841 1099 1908 videbitur.

253 2045 256 2050 Ι
451 1959 545 2038 Quod
567 1966 672 2028 autem
691 1961 834 2028 Prinzius
856 1968 1042 2046 argumento
1064 1963 1220 2047 Helenae,
1243 1961 1328 2046 quod
1350 1981 1391 2027 ex
1414 1961 1576 2047 Flpropa-

363 2069 472 2149 gutum
494 2070 556 2150 est,
579 2064 723 2150 confidit,
750 2085 790 2131 ne
818 2072 885 2131 tum
907 2065 1035 2149 quidem
1062 2065 1234 2150 quidquam
1257 2067 1422 2151 probaret,
1451 2066 1479 2132 si
1500 2085 1576 2132 vere
1617 2139 1623 2158 Ι

364 2168 527 2251 antiquum
560 2173 659 2235 esset:
701 2170 841 2235 servavit
873 2170 972 2235 vitam
998 2169 1160 2255 Euripidis
1185 2170 1288 2236 bonae
1317 2169 1418 2254 frugis
1448 2171 1577 2256 plenam

364 2291 445 2339 unus
468 2271 568 2339 codex
590 2273 658 2337 Pal.
682 2279 723 2338 90
746 2272 925 2358 descriptus
947 2293 987 2340 ex
1005 2274 1076 2340 Vat.
1094 2281 1164 2341 909.
1210 2280 1244 2339 at
1258 2280 1477 2358 argumentum
1495 2274 1577 2340 istuc

364 2397 385 2442 a
406 2377 568 2461 genuinis,
592 2396 676 2461 quae
701 2381 733 2440 Φ
746 2378 912 2463 continuit,
935 2377 1100 2463 abhorret,
1121 2397 1226 2462 neque
1241 2378 1419 2444 dubitarem
1435 2377 1476 2445 de
1490 2378 1577 2444 novi-

364 2480 414 2547 cia
436 2482 504 2548 eius
526 2481 647 2566 origine
670 2479 724 2548 diu
745 2488 818 2548 ante
841 2501 936 2565 quam
956 2481 1076 2550 fontem
1098 2483 1166 2550 eius
1189 2503 1324 2549 nossem.

451 2619 628 2686 Haeseram
651 2619 718 2706 diu,
741 2626 846 2686 utrum
867 2619 941 2686 huic
955 2620 1062 2687 libello
1079 2626 1178 2687 totam
1191 2621 1365 2687 insererem
1381 2621 1475 2686 trium
1489 2619 1577 2686 iabu-

364 2723 468 2792 larum
490 2723 716 2810 conlationem,
751 2745 792 2789 an
814 2725 1015 2810 paucissimis
1035 2725 1113 2792 locis
1142 2725 1301 2810 excerptis
1335 2725 1413 2790 satis
1442 2725 1580 2810 probata

361 2827 505 2896 codicum
531 2827 595 2894 fide
617 2828 694 2894 viris
719 2827 820 2894 doctis
844 2828 986 2911 siquibus
1009 2829 1042 2894 in
1064 2849 1099 2895 re
1121 2830 1206 2896 seria
1227 2829 1389 2914 occupatis
1411 2828 1484 2895 usui
1506 2849 1578 2896 esse

360 2937 493 3018 possent
518 2930 664 2998 offerrem
690 2931 839 3016 privatim
867 2931 1098 3018 usurpandam,
1129 2933 1210 3000 sicut
1237 2933 1278 2999 de
1307 2932 1414 2999 Rheso
1434 2933 1577 3020 promisi,

362 3035 403 3102 de
432 3035 562 3118 reliquis
590 3035 701 3120 siquae
727 3034 831 3102 habeo
856 3056 940 3102 nunc
960 3037 1124 3123 promitto:
1154 3037 1261 3104 media
1282 3035 1412 3103 tandem
1433 3036 1488 3103 via
1508 3037 1576 3124 pla·

361 3141 440 3225 cuit,
480 3139 667 3225 praemissis
702 3139 812 3226 paucis
848 3140 992 3207 Helenae
1025 3141 1233 3226 Herculisque
1266 3142 1404 3227 pagellis
1431 3141 1579 3208 Electrae

362 3243 579 3310 recensionem
600 3263 777 3330 proponam
798 3244 964 3329 integram.

448 3363 553 3448 Atque
582 3365 710 3450 plenam
739 3363 856 3432 codicis
886 3365 1134 3452 discrepantiam
1162 3367 1299 3453 primum
1329 3366 1513 3436 adscribere
1536 3367 1580 3434 ad

361 3468 532 3534 Helenae
554 3469 617 3534 tria
640 3469 752 3536 ultima
769 3470 895 3536 cantica
917 3490 988 3536 cum
1004 3472 1190 3558 voluissem,
1213 3473 1348 3558 cognovi
1363 3478 1396 3539 et
1409 3471 1533 3540 facilius
1548 3479 1582 3540 et

360 3573 476 3640 clarius
497 3571 566 3639 fore
588 3571 748 3660 descripte
770 3574 880 3643 codice
904 3574 946 3660 0,
977 3575 1095 3644 additis
1122 3577 1278 3644 seriorum
1298 3596 1449 3644 manuum
1470 3577 1578 3644 lectio-

360 3677 462 3744 nibus.
513 3697 627 3744 monec
657 3683 779 3764 tamen,
818 3700 870 3746 me
896 3700 960 3746 non
992 3701 1032 3747 ex
1060 3681 1131 3767 ipso
1163 3679 1272 3748 codice
1301 3687 1402 3748 totam
1429 3701 1579 3750 versuum

360 3781 477 3848 seriem
499 3779 724 3868 descripsisse,
759 3782 819 3850 sed
849 3782 1022 3852 secundum
1051 3791 1181 3853 enotata
1208 3784 1377 3872 postmodo
1397 3791 1578 3853 contextam

359 3904 547 3972 proponere.

447 4127 475 4194 1)
499 4125 549 4182 Uti
571 4142 621 4196 par
647 4128 703 4195 est,
730 4127 905 4198 apographon
924 4127 959 4183 ΟΒ
981 4127 1038 4184 lere
1056 4127 1194 4197 sequitur,
1223 4127 1331 4184 etiamsi
1348 4127 1419 4184 falsa
1437 4128 1577 4198 praebeat.

358 4211 445 4270 veluti
466 4212 563 4268 Helen.
589 4212 659 4269 1083
685 4215 803 4286 υὶοτερὸν
826 4216 853 4274 ἒς
877 4219 969 4274 οἴκους
994 4219 1041 4268 σοὶ
1065 4217 1255 4268 συνεισελθεῖν
1275 4233 1312 4286 με
1331 4213 1420 4288 χρήυς
1451 4213 1491 4272 O'.
1516 4215 1578 4286 lege

354 4303 444 4376 χρῇς;
469 4300 576 4374 πότερα
595 4301 620 4354 δ’
640 4330 672 4342 -
683 4299 741 4374 χρὴ
756 4299 823 4356 C’T.
852 4301 951 4357 Electr.
972 4302 1023 4358 195
1049 4302 1160 4370 εὐχαῖσι
1185 4300 1267 4362 θεοὺς
1285 4301 1314 4356 0‘
1334 4300 1448 4356 Seidler.
1485 4302 1580 4372 εὐχαῖς

359 4385 442 4445 θεοὺς
458 4385 524 4441 0¹1⁴.
559 4385 654 4456 εὐχαῖς
675 4383 739 4447 τοὺς
767 4386 852 4450 θεοὺς
874 4407 907 4458 γε
925 4405 948 4443 ο.
985 4387 1053 4444 1157
1078 4385 1211 4458 ἱκόμενον
1231 4391 1271 4448 εἰς
1294 4393 1387 4447 οἴκους
1404 4385 1438 4443 C'
1462 4387 1576 4444 Scidler.

359 4472 387 4532 ἐς
409 4469 480 4528 C¹P.
527 4472 607 4529 Herc.
638 4472 844 4551 918τόρ.ευμο
867 4476 885 4530 1.
910 4492 934 4531 e.
959 4475 1100 4548 τόρνευμα
1127 4472 1199 4544 quod
1220 4473 1355 4530 Matthiae
1378 4475 1521 4531 invenerat
1544 4475 1575 4532 0.

267 4632 272 4638 Ι
357 4555 481 4634 πόρευμα
500 4557 565 4616 0⁸1⁸.
