3666 5296
939 1525 1015 1624 ΙΙΙ.

870 1734 1097 1894 Critian.

965 1947 991 2002 1.

458 2071 559 2138 Video
582 2092 694 2157 parurn
718 2074 915 2158 exploratum
935 2095 1021 2159 esse,
1044 2081 1199 2156 quatenus
1219 2073 1334 2155 tragici
1357 2071 1417 2136 sibi
1432 2071 1588 2157 permise-

373 2177 448 2261 rint,
483 2183 640 2241 uturum
665 2197 793 2242 versum
820 2179 902 2244 inter
928 2177 1009 2244 duas
1031 2199 1186 2262 personas
1205 2177 1430 2261 discerperent.
1474 2175 1587 2240 consti-

275 2299 279 2308 ·
372 2289 496 2346 tuamus
518 2281 615 2364 igitur
637 2281 755 2366 legem,
789 2282 877 2347 cuius
906 2283 938 2347 in
967 2283 1047 2348 libro
1078 2283 1181 2368 primo
1213 2281 1402 2363 aliquotiens
1428 2278 1590 2345 inicienda

354 2377 440 2450 ⁴erat
462 2383 589 2450 mentio.

458 2488 553 2573 Apud
575 2490 712 2554 comicos
741 2491 836 2556 nullis
857 2491 955 2556 frenis
978 2491 1116 2555 coercita
1143 2496 1192 2555 est
1212 2489 1343 2554 libertas
1365 2486 1588 2574 discerpendo-

370 2611 440 2657 rum
465 2613 627 2678 versuum,
654 2613 757 2676 neque
784 2594 870 2679 apud
896 2594 1142 2679 Aristophanem
1167 2593 1294 2658 demum
1319 2595 1448 2675 eiusque
1471 2612 1588 2675 aequa-

369 2697 417 2760 les
439 2694 566 2782 (Crates
588 2696 645 2762 ier.
671 2707 702 2781 1,
726 2707 746 2762 4
769 2704 892 2762 tetram.
914 2699 1009 2763 lamb.
1060 2699 1267 2763 Pherecrates
1296 2704 1327 2762 et
1356 2697 1487 2782 Eupolis
1514 2717 1587 2781 pas-

370 2801 439 2865 sim.
484 2801 646 2886 Hermipp.
672 2801 737 2866 Mil.
762 2810 789 2866 8.
835 2802 964 2887 Lysipp.
988 2803 1102 2867 Bacch.
1128 2802 1160 2890 1)
1187 2801 1245 2867 scd
1271 2801 1357 2886 apud
1383 2803 1487 2887 ipsum
1513 2801 1587 2884 Epi-

364 2905 532 2968 charmum
556 2904 669 2987 (Siren.
694 2915 722 2969 1.
749 2906 785 2970 B.
803 2913 852 2970 26.
868 2912 910 2968 40
931 2906 1026 2993 sqq.);
1052 2905 1138 2990 apud
1160 2906 1322 2971 Cratinum
1348 2913 1455 2971 tamen
1482 2925 1587 2970 errem-

372 3008 458 3092 plum
482 3009 588 3073 nescio
612 3030 652 3073 arr
674 3010 803 3074 fortuito
825 3031 888 3075 non
911 3017 1006 3074 extat.

457 3111 579 3206 Eadem
612 3113 739 3178 lieentia
764 3113 796 3177 in
822 3114 916 3178 unica
942 3135 1037 3196 quam
1068 3114 1222 3179 habemus
1250 3113 1402 3197 satyrica,
1440 3119 1472 3176 et
1501 3111 1589 3196 apud

370 3215 533 3280 Achaeum
576 3216 660 3280 Athl.
696 3225 714 3281 3
761 3236 856 3299 quarn
902 3219 1076 3283 rectissime
1126 3218 1297 3301 satyricam
1335 3215 1415 3280 dixit
1457 3216 1588 3280 Friehel

370 3327 467 3404 satyr.
493 3327 542 3383 57.

457 3423 494 3487 ln
517 3423 647 3488 canticis
668 3444 737 3488 eam
763 3445 833 3490 esse
856 3425 1013 3509 regulam,
1040 3432 1075 3490 ut
1097 3425 1252 3508 siquando
1275 3425 1378 3490 altera
1399 3413 1589 3507 in'stropha

340 3591 352 3603 ,
374 3527 480 3592 locuta
514 3529 555 3592 sit
578 3548 716 3612 persona
742 3527 854 3594 eodem
875 3549 1077 3593 numerorum
1103 3530 1171 3594 loco
1198 3530 1231 3593 in
1260 3528 1457 3612 antistropho
1479 3548 1588 3612 perso-

372 3651 432 3695 nae
453 3631 674 3716 mancipiant,
697 3639 806 3697 notum
825 3639 887 3716 est;
908 3631 993 3714 quod
1009 3634 1103 3697 etiam
1118 3633 1160 3698 ad
1174 3632 1370 3698 hemichoria
1384 3639 1416 3696 et
1431 3630 1589 3714 siquando

370 3734 515 3818 singulae
549 3734 637 3800 chori
664 3756 821 3819 personae
853 3743 969 3801 canunt
1002 3737 1161 3820 pertinere
1193 3737 1330 3800 arbitror
1355 3737 1441 3801 locos
1469 3735 1589 3800 obstre-

369 3845 482 3921 pentes
509 3845 673 3922 corruptos
699 3845 795 3904 ratus.
843 3839 1001 3904 interdurn
1025 3846 1131 3905 tamen
1158 3847 1273 3924 poetae
1305 3841 1398 3905 unius
1431 3859 1589 3923 personae

370 3942 523 4006 clamores
551 3948 642 4006 extra
668 3943 861 4027 strophicam
888 3943 1126 4028 responsionem
1153 3944 1274 4028 positos
1296 3944 1470 4008 voluerunt.
1516 3963 1589 4007 cum

370 4045 501 4110 canticis
530 4045 560 4110 ei
583 4045 644 4110 loci
670 4046 802 4111 faciunt·
823 4047 937 4128 quibus
965 4047 1082 4111 senarii
1108 4047 1235 4112 iambici
1261 4047 1490 4131 antistrophioa
1515 4047 1589 4129 lege

370 4150 498 4215 coerciti
525 4156 613 4233 sunt,
642 4149 839 4216 cuiusmodi
870 4151 1062 4215 luculentum
1087 4151 1265 4235 exemplum
1289 4150 1374 4235 apud
1397 4150 1590 4235 Sophoclem

368 4254 483 4320 Electr.
512 4259 737 4318 1398-1441
768 4261 884 4338 exstat,
921 4255 1086 4339 praeclare
1118 4255 1158 4319 ab
1185 4255 1367 4319 Hermanno
1400 4256 1589 4338 expositum,

369 4355 456 4442 apud
475 4356 662 4441 Euripidem
685 4356 788 4424 Orest.
815 4365 1039 4424 1353—1365
1052 4387 1097 4413 =
1111 4365 1334 4424 1537-1548
1358 4359 1412 4422 ubi
1431 4379 1502 4422 cunr
1525 4359 1591 4422 alia

368 4461 484 4526 rectius
515 4458 718 4525 discribenda
745 4471 817 4527 sunt
846 4469 912 4527 turn
935 4461 1152 4527 emendandus
1171 4467 1257 4526 *1540
1277 4469 1385 4545 utpote
1408 4463 1462 4544 qui
1484 4463 1590 4544 legem

369 4565 551 4630 foedissime
574 4565 678 4629 violet.
