3594 5292
842 430 865 488 I.
881 435 908 490 2.

572 605 594 664 0.
629 604 695 674 lori,
713 605 752 664 uti
772 605 916 677 apographis
934 605 1027 664 liroroa
1044 603 1183 664 traduntur.

670 743 809 796 erravit
833 740 1025 794 manifesto
1049 741 1080 794 P.

266 875 305 914 vs.
337 843 387 914 13'
407 858 572 933 πυθόμενος
590 859 620 922 C.
649 860 818 934 πειθόμενος
834 862 864 915 Ρ.
890 860 1042 916 coniectura
1059 877 1151 916 uerum
1170 861 1275 916 invenit
1291 879 1318 932 p.

336 947 371 1002 53
408 953 561 1019 στασίωρον
580 946 608 1002 G.
634 953 790 1020 στασλορον
807 949 837 1002 Ρ.
1114 1009 1116 1012 ,

320 1034 372 1088 183
408 1037 474 1106 περὶ
495 1041 555 1089 τοῖν
574 1038 683 1088 σκελοῖν
701 1033 731 1089 C.
758 1040 823 1110 περὶ
842 1034 892 1102 τὴν
911 1038 1021 1090 σκελοῖν
1038 1035 1068 1088 Ρ.

320 1119 372 1176 355
408 1122 505 1193 νομίζη
525 1120 545 1175 C
555 1139 581 1190 p.
613 1124 720 1193 νομίζει
737 1123 769 1176 P.
795 1121 885 1178 neseio
910 1139 943 1176 an
967 1122 1074 1176 iuturus
1093 1121 1144 1185 sit,
1169 1123 1216 1191 qui
1235 1123 1257 1175 P
1276 1139 1307 1178 ex
1325 1124 1375 1179 hoo
1394 1143 1482 1182 errore

406 1207 517 1262 laudare
535 1209 639 1278 oupiat,
659 1210 723 1278 quia
741 1226 790 1264 nos
809 1209 955 1265 secundam
973 1209 1075 1278 passivi
1093 1226 1141 1278 per
1161 1229 1185 1262 ει
1204 1210 1321 1266 seribere
1340 1214 1480 1267 consueri-

407 1311 475 1350 mus.
512 1299 542 1350 at
561 1296 662 1350 erravit
678 1297 714 1361 P,
734 1313 796 1350 nam
818 1303 845 1350 φ
861 1297 1023 1365 scripturam
1041 1297 1117 1350 iilam
1137 1295 1282 1364 ignorarit.

321 1381 372 1436 427
408 1379 493 1450 βοὺλη
513 1381 543 1437 C.
568 1382 661 1452 βούλει
680 1385 711 1437 Ρ.

321 1467 373 1522 513
410 1465 497 1537 λύχνα
518 1467 547 1523 C.
573 1473 654 1540 λίχνα
672 1471 704 1524 P.

322 1553 373 1608 561
410 1555 593 1628 ἄπομνκιέον
611 1555 666 1626 Cp.
692 1557 866 1630 ἆπομικτέον
883 1557 913 1611 P.

321 1640 375 1696 565
410 1639 549 1710 ἠμὺστισα
568 1641 623 1713 Cp.
647 1641 788 1714 oppeterem
806 1643 836 1698 Ρ.

410 1727 476 1782 haee
494 1729 585 1783 omnis
597 1745 629 1783 ex
640 1746 789 1798 ueograeeo
801 1729 995 1799 pronuntiandi
1010 1747 1082 1784 more
1095 1733 1288 1800 provenerunt,
1306 1734 1362 1786 tam
1375 1735 1485 1803 pusilla,

411 1817 442 1869 ut
469 1816 578 1870 etiarnsi
601 1817 740 1886 oonpluria
764 1817 900 1872 omiserim
925 1833 979 1872 non
1002 1815 1042 1872 ita
1064 1817 1179 1872 multum
1204 1834 1246 1872 me
1272 1819 1365 1888 pigere
1390 1823 1484 1890 possit.

411 1903 455 1956 rel
473 1904 562 1973 magis
580 1905 683 1974 pusilla
700 1905 767 1960 haee
786 1908 858 1970 sunt,

344 2005 377 2060 14
412 2006 481 2060 κατὰ
501 2005 611 2076 ζήτησιν
629 2009 658 2064 C.
685 2009 868 2077 κακαζῆτησιν
884 2011 916 2064 Ρ.

342 2094 378 2150 60
413 2098 452 2152 εἰς
470 2093 558 2148 αὐλὰν
576 2093 639 2150 πότ’
659 2096 680 2150 0
700 2099 732 2150 ut
750 2097 864 2151 eonieeit
877 2095 1032 2150 Dindoriius
1051 2101 1089 2156 εἰς
1107 2093 1195 2150 αὐλάν
1214 2100 1275 2149 ποτ’
1293 2095 1324 2151 Ρ.

325 2181 377 2236 118
413 2179 487 2254 ἄντρ’
506 2182 536 2236 0.
560 2181 617 2236 ὅντ’
633 2183 664 2238 Ρ.

325 2267 377 2321 236
413 2266 551 2340 σπλάγχν’
570 2269 601 2324 (λ.
631 2267 751 2340 σπλάγχ’
769 2269 799 2327 P.

325 2353 378 2407 442
413 2353 574 2430 πανούργου
591 2353 621 2410 C.
646 2354 797 2427 πανούγου
814 2356 844 2411 Ρ.

325 2441 378 2496 445
415 2441 509 2513 ἕρπειν
528 2443 558 2497 (λ
583 2443 662 2514 ἕρπει
680 2445 710 2498 P.

414 2545 476 2582 nam
503 2529 571 2586 hsee
593 2531 661 2586 vitia
683 2533 762 2596 sunt,
785 2546 854 2600 quae
872 2531 958 2585 invito
978 2530 1104 2585 excidunt
1122 2531 1238 2594 soribae,
1267 2531 1331 2585 dum
1350 2547 1442 2588 rerum
1460 2550 1489 2588 se

414 2615 526 2685 pingere
544 2615 642 2678 oredit;
667 2634 719 2687 qua
738 2618 770 2671 de
789 2633 869 2672 eausa
887 2616 923 2671 ad
947 2617 1014 2672 haee
1032 2633 1136 2688 quoque
1154 2617 1320 2686 excerpenda
1336 2635 1389 2674 non
1409 2620 1490 2675 nimis

415 2702 542 2769 adtendi,
560 2704 600 2760 eis
619 2721 687 2774 quae
706 2707 814 2774 praesto
835 2707 913 2759 erant
930 2706 1086 2770 contentus,
1106 2703 1232 2774 quoniam
1251 2704 1332 2763 adid
1352 2706 1491 2762 sufficiunt

420 2791 596 2859 probandum,
614 2792 701 2846 multo
720 2793 952 2863 neglegentiorem
969 2792 1054 2846 fuisse
1070 2792 1093 2845 P
1107 2807 1189 2862 quam
1202 2791 1238 2857 0,
1257 2793 1326 2847 serio
1339 2793 1490 2863 discrepare

415 2876 489 2932 hisee
500 2878 529 2932 in
540 2879 664 2934 minutiis
677 2879 782 2934 eodioes
796 2879 849 2934 diei
860 2896 915 2934 non
927 2894 1015 2948 posse.
1038 2881 1068 2932 at
1080 2879 1215 2933 commisit
1226 2880 1248 2933 P
1262 2880 1343 2934 etiam
1356 2881 1490 2951 graviora.

330 2981 381 3036 106
417 2978 502 3056 πάρει
526 2983 555 3040 0.
580 2981 656 3060 πάρα
679 2985 711 3038 Ρ.
741 2984 783 3038 vel
807 2983 885 3040 hodie
901 2981 930 3038 -0
953 2982 1073 3038 ostendit
1098 2981 1149 3038 hoe
1170 2982 1230 3052 ipso
1258 2984 1386 3039 vocabulo
1412 3001 1492 3056 quum

414 3067 494 3123 iaoile
512 3091 529 3122 α
547 3086 607 3125 αισα
626 3070 774 3142 conpendio
794 3088 818 3124 ει
835 3069 962 3125 eoniundi
978 3070 1072 3140 possit.

328 3153 380 3210 502
416 3171 456 3208 πα
474 3174 515 3210 πα
535 3163 576 3210 πᾶ
600 3155 627 3211 C.
661 3163 702 3212 πᾶ
726 3161 767 3210 πᾶ
791 3163 832 3211 πᾶ
851 3157 882 3210 Ρ.
918 3159 1082 3226 anapaestus
1108 3155 1265 3225 flagitatur,
1292 3158 1374 3227 atque
1398 3173 1489 3213 veram

416 3241 645 3310 interiectionem,
665 3261 747 3314 quam
766 3243 787 3299 C
806 3243 932 3313 praebet,
950 3243 981 3296 L.
1000 3242 1158 3298 Dindorfius
1176 3243 1323 3298 invenerat.

329 3328 382 3383 506
418 3332 507 3400 σέλμα
526 3329 647 3405 γαστρός
666 3330 694 3385 C.
724 3334 804 3390 σέλας
821 3328 951 3405 σταστρὸς
967 3330 998 3383 P.

330 3433 383 3487 510
417 3437 482 3506 φέρε
500 3453 553 3505 μοι
573 3437 642 3496 ξεῖνε
660 3436 720 3506 φέρ’
735 3432 863 3488 ἀσκόνΟ.
890 3437 960 3506 φέρε
974 3453 1024 3504 μοι
1038 3437 1107 3506 φέρε
1120 3435 1172 3494 ξέν’
1185 3429 1271 3486 ἀσκόν
1285 3433 1315 3489 Ρ.
1346 3433 1493 3502 hoepaene

352 3535 354 3542 ·
419 3519 611 3588 interpolatum
631 3520 684 3574 diei
701 3523 800 3590 potest.
826 3521 1014 3576 'susurrabant
1031 3517 1183 3573 inauribus
1201 3518 1304 3574 scribae
1316 3523 1494 3576 snaereontea

419 3607 580 3674 Byzantina.
875 3613 878 3618 “

331 3711 386 3767 605
419 3709 465 3764 ὑπ’
485 3710 587 3782 ἀνδρός
606 3710 635 3766 C.
662 3709 711 3764 ἀπ’
729 3707 830 3782 ἀνδρός
847 3711 878 3766 P.

420 3796 483 3852 dein
503 3797 652 3853 omittendo
670 3798 797 3867 peccavit.

331 3903 383 3957 526
418 3902 490 3956 ὅπου
508 3909 585 3956 τιθεῖ
600 3923 641 3963 τις
659 3901 755 3958 ἐνθάδ’
774 3903 849 3956 ἐστὶν
867 3898 980 3968 ainerio
998 3899 1028 3954 0.

419 3988 491 4042 ὅπου
508 3993 597 4048 τιθεὶς
616 3990 676 4043 ios.
696 4010 720 4042 ιι.
739 4009 763 4042 r.
781 3988 801 4043 ἑ.
819 3988 849 4040 Ρ.

420 4092 512 4130 verum
532 4081 598 4148 τιθῇ
617 4095 657 4134 τις
673 4076 777 4130 invenit
793 4075 945 4142 Porsouus,
964 4089 1027 4128 narn
1045 4073 1187 4128 nihilium
1206 4073 1248 4126 est
1266 4088 1312 4126 eur
1324 4087 1384 4126 oum
1396 4069 1493 4128 Kireh·

421 4162 505 4218 hoifio
524 4162 556 4218 de
575 4164 738 4232 interpolato
757 4160 778 4218 C
797 4161 954 4230 cogitemus.

333 4267 386 4323 544
403 4283 444 4337 sq.
473 4271 545 4321 ΣΕΙ,
563 4269 677 4333 κλίθητί
692 4283 743 4319 ναν
759 4285 810 4335 μοι
829 4261 934 4337 πλευρὰ
952 4267 1013 4325 θεὶς
1031 4250 1079 4316 ino
1094 4259 1207 4334 χθονός.

422 4359 482 4408 ΚΥ.
501 4359 531 4406 τί
548 4353 618 4420 δῆτα
636 4351 811 4424 τὸναρατῆρ
830 4349 939 4406 ὄπισθέ
953 4369 1009 4422 μου
1029 4355 1134 4413 rottao'c,⁸

421 4441 542 4509 ineptum
569 4441 598 4492 et
624 4438 742 4492 lacerum
769 4437 821 4492 hoe
846 4439 895 4490 est.
922 4451 988 4489 nam
1015 4449 1046 4490 ex
1073 4433 1248 4504 sequentibus
1271 4433 1374 4503 liquido
1398 4435 1496 4501 elueet,

422 4526 565 4597 Cyclopem
583 4526 669 4581 Sileni
686 4525 807 4580 hortatui
825 4524 980 4578 obseouium
997 4521 1171 4583 adoubuisse;
1197 4523 1235 4576 at*
1251 4523 1282 4575 ut
1306 4537 1377 4576 nuno
1401 4537 1495 4577 versus

423 4629 452 4667 se
472 4614 620 4682 excipiunt,
640 4613 710 4666 nihil
727 4611 802 4666 aliud
821 4610 888 4664 dicit
906 4609 1021 4679 Cyclops
1039 4609 1107 4673 nisi,
1126 4607 1206 4676 poio,
1232 4608 1316 4662 mone
1334 4608 1497 4664 αάσαιπῠονα
