<?xml version="1.0" encoding="UTF-8"?>
<!DOCTYPE html PUBLIC "-//W3C//DTD XHTML 1.0 Transitional//EN"
    "http://www.w3.org/TR/xhtml1/DTD/xhtml1-transitional.dtd">
<html xmlns="http://www.w3.org/1999/xhtml" xml:lang="en" lang="en">
 <head>
  <title>
</title>
<meta http-equiv="Content-Type" content="text/html;charset=utf-8" />
  <meta name='ocr-system' content='tesseract 3.04.00' />
  <meta name='ocr-capabilities' content='ocr_page ocr_carea ocr_par ocr_line ocrx_word'/>
</head>
<body>
  <div class='ocr_page' id='page_1' title='image "./analectaevripid00moegoog_0108.png"; bbox 0 0 3626 5288; ppageno 0'>
   <div class='ocr_carea' id='block_1_1' title="bbox 230 613 1290 2674">
    <p class='ocr_par' dir='ltr' id='par_1_1' title="bbox 230 613 1290 2674">
     <span class='ocr_line' id='line_1_1' title="bbox 471 613 1186 706; baseline 0.003 -20"><span class='ocrx_word' id='word_1_1' title='bbox 471 623 594 702; x_wconf 80' lang='grc' dir='ltr'><em>καλαῖς,</em></span> <span class='ocrx_word' id='word_1_2' title='bbox 617 617 775 706; x_wconf 72' lang='grc' dir='ltr'><em>ὖβρίζουσ</em></span> <span class='ocrx_word' id='word_1_3' title='bbox 799 617 844 701; x_wconf 84' lang='grc' dir='ltr'><em>αῖς</em></span> <span class='ocrx_word' id='word_1_4' title='bbox 865 613 918 688; x_wconf 77' lang='grc' dir='ltr'><em>δεῖ</em></span> <span class='ocrx_word' id='word_1_5' title='bbox 941 620 1120 706; x_wconf 77' lang='grc' dir='ltr'><em>πράξοντες</em></span> <span class='ocrx_word' id='word_1_6' title='bbox 1142 615 1186 688; x_wconf 78' lang='grc' dir='ltr'><em>εὖ.</em></span> 
     </span>
     <span class='ocr_line' id='line_1_2' title="bbox 230 715 1162 814; baseline 0.002 -24"><span class='ocrx_word' id='word_1_7' title='bbox 230 732 295 790; x_wconf 80' lang='grc'><em>465</em></span> <span class='ocrx_word' id='word_1_8' title='bbox 348 731 425 790; x_wconf 87' lang='grc' dir='ltr'><em>ΚΗ.</em></span> <span class='ocrx_word' id='word_1_9' title='bbox 470 723 590 810; x_wconf 82' lang='grc' dir='ltr'><em>λέγοιμ’</em></span> <span class='ocrx_word' id='word_1_10' title='bbox 614 721 652 790; x_wconf 79' lang='grc' dir='ltr'><em>δῖν</em></span> <span class='ocrx_word' id='word_1_11' title='bbox 675 721 749 813; x_wconf 82' lang='grc' dir='ltr'><em>ήδη·</em></span> <span class='ocrx_word' id='word_1_12' title='bbox 773 731 839 790; x_wconf 83' lang='grc' dir='ltr'><em>ταῖν</em></span> <span class='ocrx_word' id='word_1_13' title='bbox 859 724 918 809; x_wconf 81' lang='grc' dir='ltr'><em>μὲν</em></span> <span class='ocrx_word' id='word_1_14' title='bbox 939 715 1162 814; x_wconf 75' lang='grc' dir='ltr'><em>ἠγωνισμένων</em></span> 
     </span>
     <span class='ocr_line' id='line_1_3' title="bbox 471 825 1194 911; baseline 0.001 -19"><span class='ocrx_word' id='word_1_15' title='bbox 471 827 525 893; x_wconf 80' lang='grc' dir='ltr'><em>σοί</em></span> <span class='ocrx_word' id='word_1_16' title='bbox 546 827 605 911; x_wconf 79' lang='grc' dir='ltr'><em>μὲν</em></span> <span class='ocrx_word' id='word_1_17' title='bbox 628 825 764 895; x_wconf 82' lang='grc' dir='ltr'><em>δοκείτω</em></span> <span class='ocrx_word' id='word_1_18' title='bbox 786 832 889 911; x_wconf 76' lang='grc' dir='ltr'><em>ταῦτ’,</em></span> <span class='ocrx_word' id='word_1_19' title='bbox 918 827 991 911; x_wconf 77' lang='grc' dir='ltr'><em>ἐμοὶ</em></span> <span class='ocrx_word' id='word_1_20' title='bbox 1014 828 1050 895; x_wconf 80' lang='grc' dir='ltr'><em>δὲ</em></span> <span class='ocrx_word' id='word_1_21' title='bbox 1071 825 1194 894; x_wconf 89' lang='grc' dir='ltr'><em>τάντία.</em></span> 
     </span>
     <span class='ocr_line' id='line_1_4' title="bbox 470 924 1187 1017; baseline 0.003 -21"><span class='ocrx_word' id='word_1_22' title='bbox 470 927 532 1017; x_wconf 75' lang='grc' dir='ltr'><em>ἐγώ</em></span> <span class='ocrx_word' id='word_1_23' title='bbox 553 933 582 997; x_wconf 88' lang='grc' dir='ltr'><em>δ’</em></span> <span class='ocrx_word' id='word_1_24' title='bbox 605 924 743 998; x_wconf 81' lang='grc' dir='ltr'><em>άπαυδυῖ</em></span> <span class='ocrx_word' id='word_1_25' title='bbox 765 937 835 1010; x_wconf 80' lang='grc' dir='ltr'><em>πᾶς</em></span> <span class='ocrx_word' id='word_1_26' title='bbox 857 957 892 998; x_wconf 90' lang='grc' dir='ltr'><em>τε</em></span> <span class='ocrx_word' id='word_1_27' title='bbox 915 933 1083 1016; x_wconf 79' lang='grc' dir='ltr'><em>Καδμεῖος</em></span> <span class='ocrx_word' id='word_1_28' title='bbox 1104 932 1187 1011; x_wconf 81' lang='grc' dir='ltr'><em>λεώς</em></span> 
     </span>
     <span class='ocr_line' id='line_1_5' title="bbox 459 1030 1146 1124; baseline 0.001 -23"><span class='ocrx_word' id='word_1_29' title='bbox 459 1030 650 1121; x_wconf 76' lang='grc' dir='ltr'><em>’Ἄδραστον</em></span> <span class='ocrx_word' id='word_1_30' title='bbox 673 1034 708 1113; x_wconf 80' lang='grc' dir='ltr'><em>ἒς</em></span> <span class='ocrx_word' id='word_1_31' title='bbox 728 1040 786 1122; x_wconf 78' lang='grc' dir='ltr'><em>γῆν</em></span> <span class='ocrx_word' id='word_1_32' title='bbox 807 1034 899 1124; x_wconf 90' lang='grc' dir='ltr'><em>τήνδε</em></span> <span class='ocrx_word' id='word_1_33' title='bbox 918 1034 963 1123; x_wconf 81' lang='grc' dir='ltr'><em>μή</em></span> <span class='ocrx_word' id='word_1_34' title='bbox 984 1034 1146 1122; x_wconf 78' lang='grc' dir='ltr'><em>παριέναι,</em></span> 
     </span>
     <span class='ocr_line' id='line_1_6' title="bbox 471 1135 1230 1228; baseline 0.004 -26"><span class='ocrx_word' id='word_1_35' title='bbox 471 1135 500 1203; x_wconf 89' lang='grc' dir='ltr'><em>εῖ</em></span> <span class='ocrx_word' id='word_1_36' title='bbox 520 1139 548 1204; x_wconf 88' lang='grc' dir='ltr'><em>δ’</em></span> <span class='ocrx_word' id='word_1_37' title='bbox 571 1137 660 1204; x_wconf 73' lang='grc' dir='ltr'><em>ἔστιν</em></span> <span class='ocrx_word' id='word_1_38' title='bbox 682 1136 715 1204; x_wconf 74' lang='grc' dir='ltr'><em>ἐν</em></span> <span class='ocrx_word' id='word_1_39' title='bbox 737 1145 791 1228; x_wconf 77' lang='grc' dir='ltr'><em>γῇ,</em></span> <span class='ocrx_word' id='word_1_40' title='bbox 816 1137 894 1226; x_wconf 81' lang='grc' dir='ltr'><em>πρὶν</em></span> <span class='ocrx_word' id='word_1_41' title='bbox 918 1143 1000 1205; x_wconf 84' lang='grc' dir='ltr'><em>θεοῦ</em></span> <span class='ocrx_word' id='word_1_42' title='bbox 1019 1141 1109 1205; x_wconf 80' lang='grc' dir='ltr'><em>δῖναι</em></span> <span class='ocrx_word' id='word_1_43' title='bbox 1132 1137 1230 1218; x_wconf 84' lang='grc' dir='ltr'><em>σέλας</em></span> 
     </span>
     <span class='ocr_line' id='line_1_7' title="bbox 470 1237 1174 1332; baseline 0.003 -26"><span class='ocrx_word' id='word_1_44' title='bbox 470 1237 612 1308; x_wconf 88' lang='grc' dir='ltr'><em>λύσαντα</em></span> <span class='ocrx_word' id='word_1_45' title='bbox 635 1240 738 1325; x_wconf 82' lang='grc' dir='ltr'><em>σεμνά</em></span> <span class='ocrx_word' id='word_1_46' title='bbox 759 1237 951 1325; x_wconf 82' lang='grc' dir='ltr'><em>στεμμάτων</em></span> <span class='ocrx_word' id='word_1_47' title='bbox 973 1247 994 1325; x_wconf 91' lang='lat'><em>†</em></span> <span class='ocrx_word' id='word_1_48' title='bbox 1014 1239 1174 1332; x_wconf 81' lang='grc' dir='ltr'><em>μυστήρια</em></span> 
     </span>
     <span class='ocr_line' id='line_1_8' title="bbox 448 1340 1243 1434; baseline 0.004 -24"><span class='ocrx_word' id='word_1_49' title='bbox 448 1347 558 1434; x_wconf 67' lang='grc' dir='ltr'><em>γ’τήσδ</em></span> <span class='ocrx_word' id='word_1_50' title='bbox 582 1340 759 1425; x_wconf 79' lang='grc' dir='ltr'><em>ἐξελαύνειν</em></span> <span class='ocrx_word' id='word_1_51' title='bbox 782 1347 855 1433; x_wconf 85' lang='grc' dir='ltr'><em>μηδ’</em></span> <span class='ocrx_word' id='word_1_52' title='bbox 879 1342 1091 1432; x_wconf 82' lang='grc' dir='ltr'><em>ἀναιρεῖσθαι</em></span> <span class='ocrx_word' id='word_1_53' title='bbox 1113 1346 1243 1434; x_wconf 82' lang='grc' dir='ltr'><em>νεκρούς</em></span> 
     </span>
     <span class='ocr_line' id='line_1_9' title="bbox 448 1441 1182 1538; baseline 0.003 -24"><span class='ocrx_word' id='word_1_54' title='bbox 448 1446 545 1538; x_wconf 64' lang='grc' dir='ltr'><em>ῒβίᾳ,</em></span> <span class='ocrx_word' id='word_1_55' title='bbox 568 1444 761 1536; x_wconf 82' lang='grc' dir='ltr'><em>προσήκοντ’</em></span> <span class='ocrx_word' id='word_1_56' title='bbox 786 1441 876 1516; x_wconf 80' lang='grc' dir='ltr'><em>οὐδὲν</em></span> <span class='ocrx_word' id='word_1_57' title='bbox 894 1445 1053 1536; x_wconf 76' lang='grc' dir='ltr'><em>Ἀργείων</em></span> <span class='ocrx_word' id='word_1_58' title='bbox 1076 1449 1182 1516; x_wconf 90' lang='grc' dir='ltr'><em>πόλει.</em></span> 
     </span>
     <span class='ocr_line' id='line_1_10' title="bbox 469 1547 1210 1648; baseline 0.003 -31"><span class='ocrx_word' id='word_1_59' title='bbox 469 1549 530 1617; x_wconf 72' lang='grc' dir='ltr'><em>κάν</em></span> <span class='ocrx_word' id='word_1_60' title='bbox 551 1551 610 1636; x_wconf 74' lang='grc' dir='ltr'><em>μὲν</em></span> <span class='ocrx_word' id='word_1_61' title='bbox 632 1550 722 1640; x_wconf 76' lang='grc' dir='ltr'><em>πίθῃ</em></span> <span class='ocrx_word' id='word_1_62' title='bbox 744 1577 818 1648; x_wconf 89' lang='grc' dir='ltr'><em>μοι,</em></span> <span class='ocrx_word' id='word_1_63' title='bbox 844 1547 992 1635; x_wconf 90' lang='grc' dir='ltr'><em>κυμάτων</em></span> <span class='ocrx_word' id='word_1_64' title='bbox 1013 1547 1090 1640; x_wconf 85' lang='grc' dir='ltr'><em>ῖίτερ</em></span> <span class='ocrx_word' id='word_1_65' title='bbox 1113 1550 1210 1622; x_wconf 90' lang='grc' dir='ltr'><em>πόλιν</em></span> 
     </span>
     <span class='ocr_line' id='line_1_11' title="bbox 470 1653 1265 1745; baseline 0.003 -24"><span class='ocrx_word' id='word_1_66' title='bbox 470 1655 528 1744; x_wconf 79' lang='grc' dir='ltr'><em>σήν</em></span> <span class='ocrx_word' id='word_1_67' title='bbox 553 1655 793 1743; x_wconf 89' lang='grc' dir='ltr'><em>ναυστολήσεις·</em></span> <span class='ocrx_word' id='word_1_68' title='bbox 821 1653 851 1722; x_wconf 86' lang='grc' dir='ltr'><em>εῖ</em></span> <span class='ocrx_word' id='word_1_69' title='bbox 870 1655 906 1722; x_wconf 82' lang='grc' dir='ltr'><em>δὲ</em></span> <span class='ocrx_word' id='word_1_70' title='bbox 927 1653 990 1745; x_wconf 93' lang='grc' dir='ltr'><em>μή,</em></span> <span class='ocrx_word' id='word_1_71' title='bbox 1022 1657 1124 1736; x_wconf 84' lang='grc' dir='ltr'><em>πολὺς</em></span> <span class='ocrx_word' id='word_1_72' title='bbox 1144 1653 1265 1726; x_wconf 87' lang='grc' dir='ltr'><em>κλύδων</em></span> 
     </span>
     <span class='ocr_line' id='line_1_12' title="bbox 470 1755 1255 1849; baseline 0.005 -25"><span class='ocrx_word' id='word_1_73' title='bbox 470 1756 545 1846; x_wconf 79' lang='grc' dir='ltr'><em>ἡμῖν</em></span> <span class='ocrx_word' id='word_1_74' title='bbox 567 1785 603 1825; x_wconf 90' lang='grc' dir='ltr'><em>τε</em></span> <span class='ocrx_word' id='word_1_75' title='bbox 626 1758 681 1824; x_wconf 88' lang='grc' dir='ltr'><em>καὶ</em></span> <span class='ocrx_word' id='word_1_76' title='bbox 705 1757 758 1826; x_wconf 84' lang='grc' dir='ltr'><em>σοὶ</em></span> <span class='ocrx_word' id='word_1_77' title='bbox 781 1755 961 1842; x_wconf 81' lang='grc' dir='ltr'><em>συμμάχοις</em></span> <span class='ocrx_word' id='word_1_78' title='bbox 983 1763 1010 1826; x_wconf 89' lang='grc' dir='ltr'><em>τ’</em></span> <span class='ocrx_word' id='word_1_79' title='bbox 1035 1757 1128 1827; x_wconf 71' lang='grc' dir='ltr'><em>ἔσται</em></span> <span class='ocrx_word' id='word_1_80' title='bbox 1151 1758 1255 1849; x_wconf 88' lang='grc' dir='ltr'><em>δορός.</em></span> 
     </span>
     <span class='ocr_line' id='line_1_13' title="bbox 471 1855 1232 1952; baseline 0.003 -23"><span class='ocrx_word' id='word_1_81' title='bbox 471 1863 597 1950; x_wconf 82' lang='grc' dir='ltr'><em>σκέψαι</em></span> <span class='ocrx_word' id='word_1_82' title='bbox 619 1861 655 1930; x_wconf 79' lang='grc' dir='ltr'><em>δὲ</em></span> <span class='ocrx_word' id='word_1_83' title='bbox 677 1862 733 1928; x_wconf 86' lang='grc' dir='ltr'><em>καί</em></span> <span class='ocrx_word' id='word_1_84' title='bbox 755 1863 799 1952; x_wconf 86' lang='grc' dir='ltr'><em>μή</em></span> <span class='ocrx_word' id='word_1_85' title='bbox 823 1867 893 1941; x_wconf 92' lang='grc' dir='ltr'><em>τοῖς</em></span> <span class='ocrx_word' id='word_1_86' title='bbox 915 1861 1007 1946; x_wconf 80' lang='grc' dir='ltr'><em>ε’μοῖς</em></span> <span class='ocrx_word' id='word_1_87' title='bbox 1028 1855 1232 1949; x_wconf 73' lang='grc' dir='ltr'><em>θυμούμενος</em></span> 
     </span>
     <span class='ocr_line' id='line_1_14' title="bbox 469 1962 1183 2054; baseline 0.003 -22"><span class='ocrx_word' id='word_1_88' title='bbox 469 1963 628 2053; x_wconf 89' lang='grc' dir='ltr'><em>λόγοισιν,</em></span> <span class='ocrx_word' id='word_1_89' title='bbox 650 1963 695 2044; x_wconf 81' lang='grc' dir='ltr'><em>αῖς</em></span> <span class='ocrx_word' id='word_1_90' title='bbox 714 1965 753 2054; x_wconf 86' lang='grc' dir='ltr'><em>δή</em></span> <span class='ocrx_word' id='word_1_91' title='bbox 774 1962 873 2034; x_wconf 84' lang='grc' dir='ltr'><em>πόλιν</em></span> <span class='ocrx_word' id='word_1_92' title='bbox 896 1963 1071 2054; x_wconf 71' lang='grc' dir='ltr'><em>ἐλευθέραν</em></span> <span class='ocrx_word' id='word_1_93' title='bbox 1095 1965 1183 2050; x_wconf 67' lang='grc' dir='ltr'><em>ἔχων,</em></span> 
     </span>
     <span class='ocr_line' id='line_1_15' title="bbox 469 2063 1190 2158; baseline 0.003 -22"><span class='ocrx_word' id='word_1_94' title='bbox 469 2071 643 2158; x_wconf 73' lang='grc' dir='ltr'><em>σφριγῶντ’</em></span> <span class='ocrx_word' id='word_1_95' title='bbox 666 2063 794 2157; x_wconf 81' lang='grc' dir='ltr'><em>άμείψῃ</em></span> <span class='ocrx_word' id='word_1_96' title='bbox 815 2075 925 2154; x_wconf 80' lang='grc' dir='ltr'><em>μῦθον</em></span> <span class='ocrx_word' id='word_1_97' title='bbox 947 2068 984 2136; x_wconf 75' lang='grc' dir='ltr'><em>ἐκ</em></span> <span class='ocrx_word' id='word_1_98' title='bbox 1005 2067 1190 2158; x_wconf 79' lang='grc' dir='ltr'><em>βραχιόνων.</em></span> 
     </span>
     <span class='ocr_line' id='line_1_16' title="bbox 471 2167 1236 2262; baseline 0.003 -22"><span class='ocrx_word' id='word_1_99' title='bbox 471 2172 567 2250; x_wconf 78' lang='grc' dir='ltr'><em>ἐλπὶς</em></span> <span class='ocrx_word' id='word_1_100' title='bbox 588 2178 721 2260; x_wconf 84' lang='grc' dir='ltr'><em>’βροτοῖς</em></span> <span class='ocrx_word' id='word_1_101' title='bbox 743 2173 910 2255; x_wconf 90' lang='grc' dir='ltr'><em>κάκιστον,</em></span> <span class='ocrx_word' id='word_1_102' title='bbox 931 2167 950 2262; x_wconf 74' lang='grc' dir='ltr'><strong><em>ἢ</em></strong></span> <span class='ocrx_word' id='word_1_103' title='bbox 973 2175 1099 2254; x_wconf 87' lang='grc' dir='ltr'><em>πολλὰς</em></span> <span class='ocrx_word' id='word_1_104' title='bbox 1121 2171 1236 2253; x_wconf 84' lang='grc' dir='ltr'><em>πόλεις</em></span> 
     </span>
     <span class='ocr_line' id='line_1_17' title="bbox 472 2271 1152 2365; baseline 0.001 -23"><span class='ocrx_word' id='word_1_105' title='bbox 472 2278 589 2365; x_wconf 80' lang='grc' dir='ltr'><em>συνῆψ’</em></span> <span class='ocrx_word' id='word_1_106' title='bbox 613 2271 734 2362; x_wconf 84' lang='grc' dir='ltr'><em>άγουσα</em></span> <span class='ocrx_word' id='word_1_107' title='bbox 753 2274 859 2359; x_wconf 85' lang='grc' dir='ltr'><em>θυμόν</em></span> <span class='ocrx_word' id='word_1_108' title='bbox 882 2273 930 2355; x_wconf 84' lang='grc' dir='ltr'><em>εῖς</em></span> <span class='ocrx_word' id='word_1_109' title='bbox 951 2273 1152 2364; x_wconf 71' lang='grc' dir='ltr'><em>ὑπερβολάς·</em></span> 
     </span>
     <span class='ocr_line' id='line_1_18' title="bbox 471 2375 1188 2469; baseline 0.006 -24"><span class='ocrx_word' id='word_1_110' title='bbox 471 2377 629 2466; x_wconf 84' lang='grc' dir='ltr'><em>ὅτανγὰρ</em></span> <span class='ocrx_word' id='word_1_111' title='bbox 652 2375 735 2465; x_wconf 70' lang='grc' dir='ltr'><em>ἔλθῃ</em></span> <span class='ocrx_word' id='word_1_112' title='bbox 757 2375 901 2461; x_wconf 90' lang='grc' dir='ltr'><em>πόλεμος</em></span> <span class='ocrx_word' id='word_1_113' title='bbox 923 2378 957 2457; x_wconf 78' lang='grc' dir='ltr'><em>ἐς</em></span> <span class='ocrx_word' id='word_1_114' title='bbox 979 2388 1094 2469; x_wconf 82' lang='grc' dir='ltr'><em>ψῆφον</em></span> <span class='ocrx_word' id='word_1_115' title='bbox 1117 2380 1188 2468; x_wconf 86' lang='grc' dir='ltr'><em>λεά,</em></span> 
     </span>
     <span class='ocr_line' id='line_1_19' title="bbox 472 2475 1170 2570; baseline 0.003 -22"><span class='ocrx_word' id='word_1_116' title='bbox 472 2475 578 2560; x_wconf 85' lang='grc' dir='ltr'><em>ούδεῖς</em></span> <span class='ocrx_word' id='word_1_117' title='bbox 600 2479 652 2548; x_wconf 73' lang='grc' dir='ltr'><em>ἔθ’</em></span> <span class='ocrx_word' id='word_1_118' title='bbox 676 2478 773 2547; x_wconf 77' lang='grc' dir='ltr'><em>αὑτοῦ</em></span> <span class='ocrx_word' id='word_1_119' title='bbox 797 2477 944 2548; x_wconf 88' lang='grc' dir='ltr'><em>θάνατον</em></span> <span class='ocrx_word' id='word_1_120' title='bbox 965 2481 1170 2570; x_wconf 76' lang='grc' dir='ltr'><em>ἐκλογίζεται,</em></span> 
     </span>
     <span class='ocr_line' id='line_1_20' title="bbox 471 2581 1290 2674; baseline 0.004 -23"><span class='ocrx_word' id='word_1_121' title='bbox 471 2586 509 2652; x_wconf 88' lang='grc' dir='ltr'><em>τὸ</em></span> <span class='ocrx_word' id='word_1_122' title='bbox 533 2584 684 2668; x_wconf 82' lang='grc' dir='ltr'><em>δυστυχὲς</em></span> <span class='ocrx_word' id='word_1_123' title='bbox 708 2584 744 2652; x_wconf 81' lang='grc' dir='ltr'><em>δὲ</em></span> <span class='ocrx_word' id='word_1_124' title='bbox 763 2587 847 2654; x_wconf 78' lang='grc' dir='ltr'><em>τοῦτ’</em></span> <span class='ocrx_word' id='word_1_125' title='bbox 870 2583 903 2664; x_wconf 81' lang='grc' dir='ltr'><em>ἒς</em></span> <span class='ocrx_word' id='word_1_126' title='bbox 926 2581 1022 2652; x_wconf 85' lang='grc' dir='ltr'><em>άλλον</em></span> <span class='ocrx_word' id='word_1_127' title='bbox 1046 2585 1203 2674; x_wconf 74' lang='grc' dir='ltr'><em>ἐκτρέπει.</em></span> <span class='ocrx_word' id='word_1_128' title='bbox 1287 2603 1290 2610; x_wconf 89' lang='grc'><em>“</em></span> 
     </span>
    </p>
   </div>
   <div class='ocr_carea' id='block_1_2' title="bbox 232 2683 1305 3401">
    <p class='ocr_par' dir='ltr' id='par_1_2' title="bbox 232 2683 1305 3401">
     <span class='ocr_line' id='line_1_21' title="bbox 471 2683 1292 2782; baseline 0.005 -27"><span class='ocrx_word' id='word_1_129' title='bbox 471 2685 500 2755; x_wconf 85' lang='grc' dir='ltr'><em>εῖ</em></span> <span class='ocrx_word' id='word_1_130' title='bbox 521 2692 548 2756; x_wconf 88' lang='grc' dir='ltr'><em>δ’</em></span> <span class='ocrx_word' id='word_1_131' title='bbox 567 2683 604 2779; x_wconf 79' lang='grc' dir='ltr'><em>ἦν</em></span> <span class='ocrx_word' id='word_1_132' title='bbox 624 2691 700 2777; x_wconf 90' lang='grc' dir='ltr'><em>παρ’</em></span> <span class='ocrx_word' id='word_1_133' title='bbox 720 2683 810 2773; x_wconf 82' lang='grc' dir='ltr'><em>όμμα</em></span> <span class='ocrx_word' id='word_1_134' title='bbox 833 2688 981 2782; x_wconf 73' lang='grc' dir='ltr'><em>θάνατος</em></span> <span class='ocrx_word' id='word_1_135' title='bbox 1002 2687 1036 2756; x_wconf 80' lang='grc' dir='ltr'><em>ἐν</em></span> <span class='ocrx_word' id='word_1_136' title='bbox 1060 2688 1175 2780; x_wconf 81' lang='grc' dir='ltr'><em>ψήφου</em></span> <span class='ocrx_word' id='word_1_137' title='bbox 1197 2695 1292 2782; x_wconf 81' lang='grc' dir='ltr'><em>φορᾷ,</em></span> 
     </span>
     <span class='ocr_line' id='line_1_22' title="bbox 474 2786 1300 2882; baseline 0.005 -23"><span class='ocrx_word' id='word_1_138' title='bbox 474 2786 532 2860; x_wconf 86' lang='grc' dir='ltr'><em>ούκ</em></span> <span class='ocrx_word' id='word_1_139' title='bbox 555 2789 595 2858; x_wconf 84' lang='grc' dir='ltr'><em>άν</em></span> <span class='ocrx_word' id='word_1_140' title='bbox 617 2795 701 2860; x_wconf 88' lang='grc' dir='ltr'><em>ποθ’</em></span> <span class='ocrx_word' id='word_1_141' title='bbox 720 2789 835 2872; x_wconf 85' lang='grc' dir='ltr'><em>Ἑλλάς</em></span> <span class='ocrx_word' id='word_1_142' title='bbox 857 2794 1032 2882; x_wconf 77' lang='grc' dir='ltr'><em>δοριμανὴς</em></span> <span class='ocrx_word' id='word_1_143' title='bbox 1054 2787 1237 2862; x_wconf 84' lang='grc' dir='ltr'><em>άπώλλυτο.</em></span> <span class='ocrx_word' id='word_1_144' title='bbox 1297 2841 1300 2848; x_wconf 80' lang='lat'><em>,</em></span> 
     </span>
     <span class='ocr_line' id='line_1_23' title="bbox 472 2894 1216 2985; baseline 0.004 -23"><span class='ocrx_word' id='word_1_145' title='bbox 472 2895 580 2963; x_wconf 89' lang='grc' dir='ltr'><em>καίτοι</em></span> <span class='ocrx_word' id='word_1_146' title='bbox 601 2899 690 2964; x_wconf 92' lang='grc' dir='ltr'><em>δυοῖν</em></span> <span class='ocrx_word' id='word_1_147' title='bbox 710 2921 745 2983; x_wconf 87' lang='grc' dir='ltr'><em>γε</em></span> <span class='ocrx_word' id='word_1_148' title='bbox 768 2894 892 2976; x_wconf 84' lang='grc' dir='ltr'><em>πάντες</em></span> <span class='ocrx_word' id='word_1_149' title='bbox 914 2898 1088 2985; x_wconf 84' lang='grc' dir='ltr'><em>άνθριύποι</em></span> <span class='ocrx_word' id='word_1_150' title='bbox 1108 2894 1216 2984; x_wconf 83' lang='grc' dir='ltr'><em>λόγοιν</em></span> 
     </span>
     <span class='ocr_line' id='line_1_24' title="bbox 472 2997 1305 3089; baseline 0 -21"><span class='ocrx_word' id='word_1_151' title='bbox 472 2999 528 3068; x_wconf 88' lang='grc' dir='ltr'><em>τὸν</em></span> <span class='ocrx_word' id='word_1_152' title='bbox 549 2999 707 3087; x_wconf 86' lang='grc' dir='ltr'><em>κρείσσον’</em></span> <span class='ocrx_word' id='word_1_153' title='bbox 731 2997 826 3086; x_wconf 89' lang='grc' dir='ltr'><em>ῖσμεν</em></span> <span class='ocrx_word' id='word_1_154' title='bbox 847 3001 903 3067; x_wconf 87' lang='grc' dir='ltr'><em>καῖ</em></span> <span class='ocrx_word' id='word_1_155' title='bbox 922 3001 965 3066; x_wconf 84' lang='grc' dir='ltr'><em>τά</em></span> <span class='ocrx_word' id='word_1_156' title='bbox 984 3001 1105 3089; x_wconf 84' lang='grc' dir='ltr'><em>χρηστά</em></span> <span class='ocrx_word' id='word_1_157' title='bbox 1127 3003 1181 3068; x_wconf 84' lang='grc' dir='ltr'><em>καί</em></span> <span class='ocrx_word' id='word_1_158' title='bbox 1204 2999 1305 3068; x_wconf 90' lang='grc' dir='ltr'><em>κακά·</em></span> 
     </span>
     <span class='ocr_line' id='line_1_25' title="bbox 472 3098 1212 3196; baseline -0.001 -24"><span class='ocrx_word' id='word_1_159' title='bbox 472 3103 539 3192; x_wconf 83' lang='grc' dir='ltr'><em>δσῳ</em></span> <span class='ocrx_word' id='word_1_160' title='bbox 559 3104 595 3170; x_wconf 80' lang='grc' dir='ltr'><em>δὲ</em></span> <span class='ocrx_word' id='word_1_161' title='bbox 615 3098 762 3189; x_wconf 81' lang='grc' dir='ltr'><em>πολέμου</em></span> <span class='ocrx_word' id='word_1_162' title='bbox 783 3109 931 3193; x_wconf 88' lang='grc' dir='ltr'><em>κρεῖσσον</em></span> <span class='ocrx_word' id='word_1_163' title='bbox 954 3103 1059 3196; x_wconf 78' lang='grc' dir='ltr'><em>εἰρήνη</em></span> <span class='ocrx_word' id='word_1_164' title='bbox 1080 3111 1212 3194; x_wconf 78' lang='grc' dir='ltr'><em>βροτοῖς</em></span> 
     </span>
     <span class='ocr_line' id='line_1_26' title="bbox 406 3201 1218 3300; baseline 0.002 -26"><span class='ocrx_word' id='word_1_165' title='bbox 406 3245 408 3248; x_wconf 93' lang='grc'><strong><em>·</em></strong></span> <span class='ocrx_word' id='word_1_166' title='bbox 472 3201 506 3298; x_wconf 66' lang='lat' dir='ltr'><em>(i)</em></span> <span class='ocrx_word' id='word_1_167' title='bbox 529 3216 646 3295; x_wconf 86' lang='grc' dir='ltr'><em>πρῶτα</em></span> <span class='ocrx_word' id='word_1_168' title='bbox 666 3207 725 3292; x_wconf 78' lang='grc' dir='ltr'><em>μὲν</em></span> <span class='ocrx_word' id='word_1_169' title='bbox 745 3207 919 3276; x_wconf 81' lang='grc' dir='ltr'><em>Μούσαισι</em></span> <span class='ocrx_word' id='word_1_170' title='bbox 941 3209 1218 3300; x_wconf 80' lang='grc' dir='ltr'><em>προσφιλεστάτη,</em></span> 
     </span>
     <span class='ocr_line' id='line_1_27' title="bbox 232 3306 1234 3401; baseline 0.001 -22"><span class='ocrx_word' id='word_1_171' title='bbox 232 3323 297 3382; x_wconf 88' lang='grc'><em>490</em></span> <span class='ocrx_word' id='word_1_172' title='bbox 472 3317 627 3380; x_wconf 88' lang='grc' dir='ltr'><em>Ποιναῖσι</em></span> <span class='ocrx_word' id='word_1_173' title='bbox 651 3313 678 3378; x_wconf 90' lang='grc' dir='ltr'><em>δ’</em></span> <span class='ocrx_word' id='word_1_174' title='bbox 700 3309 803 3400; x_wconf 79' lang='grc' dir='ltr'><em>ἐχθρά</em></span> <span class='ocrx_word' id='word_1_175' title='bbox 810 3361 819 3390; x_wconf 90' lang='grc'><em>,</em></span> <span class='ocrx_word' id='word_1_176' title='bbox 844 3312 999 3400; x_wconf 81' lang='grc' dir='ltr'><em>τέρπεται</em></span> <span class='ocrx_word' id='word_1_177' title='bbox 1021 3316 1048 3379; x_wconf 89' lang='grc' dir='ltr'><em>δ’</em></span> <span class='ocrx_word' id='word_1_178' title='bbox 1069 3306 1234 3401; x_wconf 76' lang='grc' dir='ltr'><em>εὐπαιδίᾳ,</em></span> 
     </span>
    </p>
   </div>
   <div class='ocr_carea' id='block_1_3' title="bbox 248 3451 1397 4557">
    <p class='ocr_par' dir='ltr' id='par_1_3' title="bbox 248 3451 1397 4285">
     <span class='ocr_line' id='line_1_28' title="bbox 252 3451 593 3516; baseline -0.012 -9"><span class='ocrx_word' id='word_1_179' title='bbox 252 3453 314 3508; x_wconf 90' lang='grc'><em>464.</em></span> <span class='ocrx_word' id='word_1_180' title='bbox 332 3453 358 3506; x_wconf 84' lang='grc'><em>5.</em></span> <span class='ocrx_word' id='word_1_181' title='bbox 395 3451 469 3504; x_wconf 81' lang='lat' dir='ltr'><strong>Stob.</strong></span> <span class='ocrx_word' id='word_1_182' title='bbox 489 3451 549 3516; x_wconf 81' lang='grc'><em>106,</em></span> <span class='ocrx_word' id='word_1_183' title='bbox 568 3451 593 3504; x_wconf 88' lang='grc'><em>6.</em></span> 
     </span>
     <span class='ocr_line' id='line_1_29' title="bbox 248 3533 1002 3604; baseline -0.004 -10"><span class='ocrx_word' id='word_1_184' title='bbox 248 3539 302 3594; x_wconf 84' lang='grc'><em>465</em></span> <span class='ocrx_word' id='word_1_185' title='bbox 338 3544 427 3598; x_wconf 80' lang='grc' dir='ltr'><em>κακῶς</em></span> <span class='ocrx_word' id='word_1_186' title='bbox 447 3543 481 3590; x_wconf 80' lang='grc' dir='ltr'><em>φ.</em></span> <span class='ocrx_word' id='word_1_187' title='bbox 518 3535 659 3590; x_wconf 77' lang='lat' dir='ltr'>emendate</span> <span class='ocrx_word' id='word_1_188' title='bbox 678 3533 811 3590; x_wconf 72' lang='lat' dir='ltr'><strong>Stobaeus</strong></span> <span class='ocrx_word' id='word_1_189' title='bbox 829 3540 857 3591; x_wconf 79' lang='lat' dir='ltr'><em>et</em></span> <span class='ocrx_word' id='word_1_190' title='bbox 877 3553 908 3590; x_wconf 84' lang='lat' dir='ltr'><em>ex</em></span> <span class='ocrx_word' id='word_1_191' title='bbox 927 3553 957 3590; x_wconf 83' lang='lat' dir='ltr'><em>eo</em></span> <span class='ocrx_word' id='word_1_192' title='bbox 975 3553 1002 3604; x_wconf 86' lang='lat' dir='ltr'><em>p.</em></span> 
     </span>
     <span class='ocr_line' id='line_1_30' title="bbox 248 3621 767 3680; baseline -0.008 -2"><span class='ocrx_word' id='word_1_193' title='bbox 248 3627 301 3680; x_wconf 90' lang='grc'><em>466</em></span> <span class='ocrx_word' id='word_1_194' title='bbox 338 3625 471 3678; x_wconf 78' lang='grc' dir='ltr'><em>τάναντία</em></span> <span class='ocrx_word' id='word_1_195' title='bbox 492 3629 527 3676; x_wconf 77' lang='grc' dir='ltr'><em>Φ.</em></span> <span class='ocrx_word' id='word_1_196' title='bbox 564 3639 630 3676; x_wconf 82' lang='lat' dir='ltr'>corr.</span> <span class='ocrx_word' id='word_1_197' title='bbox 649 3621 767 3675; x_wconf 80' lang='grc' dir='ltr'><em>Ροτεονι.</em></span> 
     </span>
     <span class='ocr_line' id='line_1_31' title="bbox 249 3705 759 3784; baseline -0.012 -19"><span class='ocrx_word' id='word_1_198' title='bbox 249 3711 302 3766; x_wconf 82' lang='grc'><em>469</em></span> <span class='ocrx_word' id='word_1_199' title='bbox 338 3711 367 3764; x_wconf 70' lang='grc' dir='ltr'><em>ἐν</em></span> <span class='ocrx_word' id='word_1_200' title='bbox 386 3717 417 3784; x_wconf 77' lang='grc' dir='ltr'><em>τῇ</em></span> <span class='ocrx_word' id='word_1_201' title='bbox 435 3727 475 3774; x_wconf 80' lang='grc' dir='ltr'><em>φ.</em></span> <span class='ocrx_word' id='word_1_202' title='bbox 511 3725 578 3763; x_wconf 76' lang='lat' dir='ltr'><strong>corr.</strong></span> <span class='ocrx_word' id='word_1_203' title='bbox 597 3705 759 3760; x_wconf 67' lang='lat' dir='ltr'><em>Markland.</em></span> 
     </span>
     <span class='ocr_line' id='line_1_32' title="bbox 248 3793 1397 3866; baseline -0.002 -13"><span class='ocrx_word' id='word_1_204' title='bbox 248 3799 302 3853; x_wconf 79' lang='lat'><em>470</em></span> <span class='ocrx_word' id='word_1_205' title='bbox 338 3797 517 3866; x_wconf 76' lang='lat' dir='ltr'>corruptelam</span> <span class='ocrx_word' id='word_1_206' title='bbox 536 3795 667 3864; x_wconf 74' lang='lat' dir='ltr'><strong>adgnovii</strong></span> <span class='ocrx_word' id='word_1_207' title='bbox 684 3793 795 3848; x_wconf 76' lang='lat' dir='ltr'><strong><em>Nauck.</em></strong></span> <span class='ocrx_word' id='word_1_208' title='bbox 831 3811 880 3850; x_wconf 83' lang='lat' dir='ltr'><em>nec</em></span> <span class='ocrx_word' id='word_1_209' title='bbox 899 3796 1040 3865; x_wconf 76' lang='lat' dir='ltr'><strong>sequentia</strong></span> <span class='ocrx_word' id='word_1_210' title='bbox 1059 3796 1099 3849; x_wconf 80' lang='lat' dir='ltr'><em>ita</em></span> <span class='ocrx_word' id='word_1_211' title='bbox 1118 3795 1228 3865; x_wconf 77' lang='lat' dir='ltr'><strong>scripsit</strong></span> <span class='ocrx_word' id='word_1_212' title='bbox 1246 3795 1397 3865; x_wconf 85' lang='lat' dir='ltr'><strong>Euripides.</strong></span> 
     </span>
     <span class='ocr_line' id='line_1_33' title="bbox 249 3884 567 3957; baseline -0.006 -18"><span class='ocrx_word' id='word_1_213' title='bbox 249 3885 302 3939; x_wconf 78' lang='lat'><em>478</em></span> <span class='ocrx_word' id='word_1_214' title='bbox 338 3884 510 3957; x_wconf 82' lang='grc' dir='ltr'><em>σφριγῶντ’</em></span> <span class='ocrx_word' id='word_1_215' title='bbox 532 3889 567 3937; x_wconf 79' lang='grc' dir='ltr'><em>Φ.</em></span> 
     </span>
     <span class='ocr_line' id='line_1_34' title="bbox 249 3967 1008 4033; baseline -0.005 -8"><span class='ocrx_word' id='word_1_216' title='bbox 249 3971 310 4025; x_wconf 79' lang='grc'><em>479.</em></span> <span class='ocrx_word' id='word_1_217' title='bbox 329 3971 365 4025; x_wconf 85' lang='grc'><em>80</em></span> <span class='ocrx_word' id='word_1_218' title='bbox 400 3969 615 4033; x_wconf 66' lang='grc'>86611613.</span> <span class='ocrx_word' id='word_1_219' title='bbox 651 3967 801 4022; x_wconf 85' lang='grc'>481-493</span> <span class='ocrx_word' id='word_1_220' title='bbox 828 3969 903 4022; x_wconf 79' lang='lat' dir='ltr'><strong>stob.</strong></span> <span class='ocrx_word' id='word_1_221' title='bbox 921 3970 964 4033; x_wconf 84' lang='lat'><em>55,</em></span> <span class='ocrx_word' id='word_1_222' title='bbox 983 3972 1008 4024; x_wconf 83' lang='lat'><em>6.</em></span> 
     </span>
     <span class='ocr_line' id='line_1_35' title="bbox 249 4052 974 4128; baseline -0.003 -18"><span class='ocrx_word' id='word_1_223' title='bbox 249 4057 302 4111; x_wconf 77' lang='lat'><em>479</em></span> <span class='ocrx_word' id='word_1_224' title='bbox 338 4059 414 4115; x_wconf 69' lang='lat' dir='ltr'><strong>Hui-c</strong></span> <span class='ocrx_word' id='word_1_225' title='bbox 431 4053 488 4128; x_wconf 84' lang='grc' dir='ltr'><em>γάρ</em></span> <span class='ocrx_word' id='word_1_226' title='bbox 507 4057 566 4108; x_wconf 71' lang='grc' dir='ltr'><em>ἔστι</em></span> <span class='ocrx_word' id='word_1_227' title='bbox 584 4052 645 4107; x_wconf 85' lang='grc' dir='ltr'><em>κάκ.</em></span> <span class='ocrx_word' id='word_1_228' title='bbox 666 4058 701 4108; x_wconf 78' lang='grc' dir='ltr'><em>Φ.</em></span> <span class='ocrx_word' id='word_1_229' title='bbox 738 4054 879 4108; x_wconf 79' lang='lat' dir='ltr'>emendate</span> <span class='ocrx_word' id='word_1_230' title='bbox 900 4055 974 4109; x_wconf 81' lang='lat' dir='ltr'>Stob.</span> 
     </span>
     <span class='ocr_line' id='line_1_36' title="bbox 249 4140 893 4213; baseline -0.009 -15"><span class='ocrx_word' id='word_1_231' title='bbox 249 4145 303 4198; x_wconf 79' lang='lat'><em>482</em></span> <span class='ocrx_word' id='word_1_232' title='bbox 339 4147 439 4213; x_wconf 79' lang='grc' dir='ltr'><em>ψῆφον</em></span> <span class='ocrx_word' id='word_1_233' title='bbox 457 4140 567 4198; x_wconf 83' lang='grc' dir='ltr'><em>πόλεως</em></span> <span class='ocrx_word' id='word_1_234' title='bbox 584 4147 620 4193; x_wconf 80' lang='grc' dir='ltr'><em>Φ.</em></span> <span class='ocrx_word' id='word_1_235' title='bbox 656 4140 799 4195; x_wconf 75' lang='lat' dir='ltr'>emendate</span> <span class='ocrx_word' id='word_1_236' title='bbox 819 4141 893 4195; x_wconf 83' lang='lat' dir='ltr'><strong>Stob.</strong></span> 
     </span>
     <span class='ocr_line' id='line_1_37' title="bbox 249 4225 789 4285; baseline -0.009 0"><span class='ocrx_word' id='word_1_237' title='bbox 249 4231 303 4285; x_wconf 80' lang='grc'><em>486</em></span> <span class='ocrx_word' id='word_1_238' title='bbox 338 4234 385 4283; x_wconf 79' lang='grc' dir='ltr'><em>καὶ</em></span> <span class='ocrx_word' id='word_1_239' title='bbox 400 4233 464 4284; x_wconf 85' lang='grc' dir='ltr'><em>τοῖν</em></span> <span class='ocrx_word' id='word_1_240' title='bbox 485 4235 520 4281; x_wconf 80' lang='grc' dir='ltr'><em>Φ.</em></span> <span class='ocrx_word' id='word_1_241' title='bbox 556 4225 696 4280; x_wconf 76' lang='lat' dir='ltr'><strong>emendate</strong></span> <span class='ocrx_word' id='word_1_242' title='bbox 715 4225 789 4280; x_wconf 78' lang='lat' dir='ltr'><strong>Stoi).</strong></span> 
     </span>
    </p>

    <p class='ocr_par' dir='ltr' id='par_1_4' title="bbox 339 4313 583 4386">
     <span class='ocr_line' id='line_1_38' title="bbox 339 4313 583 4386; baseline -0.004 -18"><span class='ocrx_word' id='word_1_243' title='bbox 339 4317 419 4369; x_wconf 88' lang='grc' dir='ltr'><em>δυοῖν</em></span> <span class='ocrx_word' id='word_1_244' title='bbox 435 4313 489 4386; x_wconf 78' lang='grc' dir='ltr'><em>γὰρ</em></span> <span class='ocrx_word' id='word_1_245' title='bbox 508 4314 583 4368; x_wconf 72' lang='lat' dir='ltr'>stab.</span> 
     </span>
    </p>

    <p class='ocr_par' dir='ltr' id='par_1_5' title="bbox 250 4399 767 4557">
     <span class='ocr_line' id='line_1_39' title="bbox 338 4399 767 4472; baseline -0.005 -18"><span class='ocrx_word' id='word_1_246' title='bbox 338 4400 432 4471; x_wconf 85' lang='grc' dir='ltr'><em>λόγων</em></span> <span class='ocrx_word' id='word_1_247' title='bbox 452 4409 488 4458; x_wconf 78' lang='grc' dir='ltr'><em>Φ.</em></span> <span class='ocrx_word' id='word_1_248' title='bbox 524 4399 622 4470; x_wconf 82' lang='grc' dir='ltr'><em>λόγοιν</em></span> <span class='ocrx_word' id='word_1_249' title='bbox 641 4419 672 4472; x_wconf 91' lang='grc' dir='ltr'><em>φ.</em></span> <span class='ocrx_word' id='word_1_250' title='bbox 693 4399 767 4454; x_wconf 76' lang='lat' dir='ltr'><strong>Stob.</strong></span> 
     </span>
     <span class='ocr_line' id='line_1_40' title="bbox 250 4486 763 4557; baseline -0.002 -14"><span class='ocrx_word' id='word_1_251' title='bbox 250 4488 303 4543; x_wconf 86' lang='lat'><em>488</em></span> <span class='ocrx_word' id='word_1_252' title='bbox 339 4488 398 4557; x_wconf 79' lang='grc' dir='ltr'><em>ὅσῳ</em></span> <span class='ocrx_word' id='word_1_253' title='bbox 415 4505 444 4541; x_wconf 83' lang='grc' dir='ltr'><em>τε</em></span> <span class='ocrx_word' id='word_1_254' title='bbox 465 4493 500 4541; x_wconf 76' lang='grc' dir='ltr'><em>Φ.</em></span> <span class='ocrx_word' id='word_1_255' title='bbox 520 4486 594 4542; x_wconf 83' lang='lat' dir='ltr'><strong>Stob.</strong></span> <span class='ocrx_word' id='word_1_256' title='bbox 630 4503 697 4540; x_wconf 77' lang='lat' dir='ltr'><strong>corr.</strong></span> <span class='ocrx_word' id='word_1_257' title='bbox 723 4486 763 4542; x_wconf 88' lang='lat' dir='ltr'><em>W.</em></span> 
     </span>
    </p>
   </div>
   <div class='ocr_carea' id='block_1_4' title="bbox 250 4573 1451 4712">
    <p class='ocr_par' dir='ltr' id='par_1_6' title="bbox 250 4573 1451 4712">
     <span class='ocr_line' id='line_1_41' title="bbox 250 4573 1451 4712; baseline -0.003 -79"><span class='ocrx_word' id='word_1_258' title='bbox 250 4575 305 4633; x_wconf 86' lang='grc'><em>490</em></span> <span class='ocrx_word' id='word_1_259' title='bbox 339 4581 434 4648; x_wconf 86' lang='grc' dir='ltr'><em>γοοῑσι</em></span> <span class='ocrx_word' id='word_1_260' title='bbox 454 4573 527 4630; x_wconf 70' lang='lat' dir='ltr'><strong>Stoi.</strong></span> <span class='ocrx_word' id='word_1_261' title='bbox 545 4575 636 4644; x_wconf 85' lang='lat' dir='ltr'>vulgo.</span> <span class='ocrx_word' id='word_1_262' title='bbox 673 4575 703 4628; x_wconf 74' lang='lat' dir='ltr'><em>ai</em></span> <span class='ocrx_word' id='word_1_263' title='bbox 723 4579 751 4626; x_wconf 78' lang='grc' dir='ltr'><em>Φ</em></span> <span class='ocrx_word' id='word_1_264' title='bbox 774 4587 866 4628; x_wconf 83' lang='lat' dir='ltr'><strong>verum</strong></span> <span class='ocrx_word' id='word_1_265' title='bbox 892 4589 1014 4628; x_wconf 76' lang='lat' dir='ltr'>servasse</span> <span class='ocrx_word' id='word_1_266' title='bbox 1031 4576 1142 4642; x_wconf 83' lang='lat' dir='ltr'>propter</span> <span class='ocrx_word' id='word_1_267' title='bbox 1159 4574 1252 4712; x_wconf 55' lang='grc' dir='ltr'><em>Μήφε</em></span> <span class='ocrx_word' id='word_1_268' title='bbox 1271 4573 1451 4676; x_wconf 72' lang='grc' dir='ltr'><em>οεειίτιῖαιιιω</em></span> 
     </span>
    </p>
   </div>
   <div class='ocr_carea' id='block_1_5' title="bbox 0 0 1822 5288">
    <p class='ocr_par' dir='ltr' id='par_1_7' title="bbox 0 0 1822 5288">
     <span class='ocr_line' id='line_1_42' title="bbox 0 0 1822 5288; baseline 0 0"><span class='ocrx_word' id='word_1_269' title='bbox 0 0 1822 5288; x_wconf 95' lang='lat' dir='ltr'><em> </em></span> 
     </span>
    </p>
   </div>
  </div>
 </body>
</html>
