3666 5296
382 407 434 462 rm
741 455 745 461 .
943 409 980 468 Π.
999 411 1025 469 4.

381 582 495 649 doctae
510 601 583 650 esse
598 586 756 667 possunt?
788 591 824 651 ut
837 593 957 670 essent,
980 587 1014 652 in
1028 586 1211 653 universum
1228 582 1386 653 sentemia
1401 602 1474 650 mea
1493 586 1600 665 staret,

380 687 507 752 termini
539 686 634 752 modo
668 694 808 754 aetatum
834 690 942 774 paullo
975 690 1215 756 inmutarentur.
1268 695 1302 754 at
1334 693 1534 772 reputemus,
1567 686 1600 750 in
1651 751 1654 758 i

379 790 611 874 probabilitatis
641 810 719 856 area
745 813 804 858 nos
832 794 965 860 versari.
1009 799 1114 858 utrum
1138 813 1215 859 vero
1237 791 1446 878 probabilius,
1475 788 1599 871 Euripi-

381 893 454 958 dem
479 913 538 977 per
567 894 680 976 viginti
707 896 845 977 quinque
875 915 976 962 annos
999 897 1148 980 noviens,
1176 897 1195 961 i.
1220 915 1246 962 e.
1270 896 1362 966 tertio
1386 892 1512 977 quoq'ue
1531 891 1599 959 iere

379 1017 462 1064 auno
496 995 834 1084 chorum'aocepisse,
867 1005 934 1064 tum
967 1019 1027 1084 per
1057 999 1298 1083 quatuordeeim
1332 1017 1433 1064 annos
1462 995 1598 1078 sexiens,

378 1102 398 1165 i.
422 1121 449 1166 e.
473 1101 612 1166 secundo
633 1120 758 1184 quoque
780 1103 862 1187 fere,
885 1103 1024 1187 denique
1045 1123 1106 1188 per
1127 1109 1198 1170 octo
1222 1122 1322 1168 anuos
1351 1101 1496 1185 sexiens,
1526 1099 1547 1164 i.
1571 1118 1597 1164 e.

379 1205 429 1270 bis
451 1205 542 1270 trinis
565 1205 670 1288 annm,
693 1212 728 1270 ut
747 1212 780 1272 et
802 1207 951 1275 fertilitas
974 1213 1006 1274 et
1028 1207 1196 1274 celebritas
1214 1207 1300 1274 iusta
1322 1205 1445 1272 ratione
1466 1207 1598 1285 crescat,

379 1329 421 1386 an
453 1314 529 1392 post
552 1308 688 1392 primam
715 1315 866 1394 aetatem,
902 1311 990 1378 cuius
1018 1317 1131 1394 quarto
1159 1311 1213 1376 vel
1234 1310 1344 1392 quinto
1367 1327 1493 1392 quoque
1515 1325 1597 1372 anno

380 1411 558 1478 didascalia
579 1411 748 1478 tribuenda
770 1419 870 1498 esset,
904 1415 1007 1480 subito
1030 1415 1166 1481 iterem
1186 1419 1341 1478 mutatam
1368 1431 1455 1490 esse,
1484 1416 1520 1475 ut
1540 1427 1599 1492 per

381 1517 502 1598 aliquot
538 1535 638 1582 annos
672 1515 869 1584 fertilitatem
895 1517 1076 1584 ultimorum
1102 1536 1257 1584 annorum
1287 1520 1453 1598 aequaret,
1482 1511 1597 1578 deinde

378 1621 474 1702 longe
502 1619 690 1686 recederet?
723 1621 837 1703 quibus
864 1620 952 1687 haud
974 1619 1112 1688 absurde
1135 1626 1170 1686 ut
1196 1621 1309 1704 opinor
1335 1617 1506 1703 disputatis
1526 1635 1596 1701 per·

380 1725 481 1788 molta
510 1721 631 1788 addere
661 1722 790 1807 possem
813 1730 909 1790 —at
936 1725 1047 1791 tironis
1076 1725 1178 1809 pedes
1204 1723 1325 1790 lubrico
1353 1723 1421 1790 solo
1443 1741 1506 1788 nou
1529 1719 1597 1786 sine

378 1827 480 1912 turpis
508 1827 618 1911 lapsus
649 1828 791 1912 periculo
824 1829 983 1896 incedunt.
1027 1829 1135 1911 itaque
1161 1829 1316 1913 pleraque
1343 1827 1450 1894 omnia
1472 1823 1596 1890 silentio

378 1950 525 2015 premere
559 1936 591 1996 et
623 1931 676 1996 vel
708 1951 791 2014 quae
820 1953 860 1999 ea
885 1933 950 1998 iam
975 1952 1120 2016 promam
1149 1931 1340 2000 adumbrare
1369 1929 1597 2014 potiusquam

381 2034 550 2118 adroganti
572 2034 752 2118 prolixitate
774 2035 887 2102 efferre
909 2036 1039 2123 malo.⁸)

466 2137 655 2203 Welckerus
685 2139 859 2204 secundum
887 2140 969 2224 epici
998 2141 1083 2226 cycli
1104 2140 1258 2224 carmina,
1285 2157 1380 2222 quem
1410 2135 1596 2220 tragoediae

378 2241 564 2327 primarium
585 2240 706 2308 fontem
724 2243 830 2325 posuit
848 2245 954 2327 potius
977 2263 1073 2326 quam
1095 2244 1258 2328 probavit,
1286 2242 1518 2326 tragodumena
1538 2258 1597 2304 sua

380 2346 544 2430 disposuit.
589 2345 675 2428 quod
704 2352 740 2412 ut
768 2347 800 2410 in
820 2346 981 2432 Aeschylo
1008 2354 1041 2414 et
1069 2367 1180 2414 verum
1206 2353 1240 2414 et
1259 2348 1350 2431 utile,
1382 2347 1415 2410 in
1438 2343 1596 2429 Sophocle

379 2451 456 2514 utile
479 2455 564 2515 certe
586 2449 660 2533 fuit,
682 2449 729 2514 ita
749 2450 782 2516 in
798 2449 984 2535 Euripidem
999 2451 1127 2518 minime
1143 2451 1302 2534 quadrare
1318 2451 1371 2516 vel
1384 2449 1459 2514 inde
1474 2447 1595 2514 intelle-

379 2554 480 2637 gitur,
504 2553 590 2636 quod
612 2552 745 2619 dimidia
762 2553 999 2638 tragoediarum
1020 2575 1097 2639 pars
1121 2562 1176 2621 aut
1190 2555 1223 2620 in
1239 2555 1359 2620 classes
1374 2552 1418 2620 ad
1432 2551 1596 2620 arbitrium

378 2657 470 2722 fictas
500 2663 556 2722 aut
583 2657 617 2722 in
646 2657 729 2722 varii
758 2659 936 2740 argumenti
966 2659 1101 2726 classem
1122 2665 1178 2724 aut
1199 2660 1281 2726 inter
1295 2657 1493 2740 propnqinee
1513 2654 1596 2740 cycli

380 2761 462 2844 epici
483 2761 586 2825 relata
609 2765 666 2826 est.
711 2766 817 2826 tamen
840 2761 934 2828 modo
956 2783 1020 2828 non
1041 2763 1214 2828 secundum
1237 2763 1329 2846 opica
1343 2761 1486 2826 carmina
1499 2758 1595 2824 hodie

379 2884 492 2948 parum
524 2871 601 2929 nota
634 2863 764 2928 sedita
793 2865 977 2948 tragoedias
1004 2865 1180 2951 distamen,
1212 2873 1247 2931 ut
1272 2886 1337 2932 una
1359 2869 1513 2948 exparte
1536 2881 1594 2926 eae

378 2973 536 3052 ponantur
577 2987 659 3049 quae
688 2969 721 3032 in
750 2968 860 3034 fabula
881 2969 945 3034 iam
969 2976 1043 3035 ante
1070 2969 1255 3054 Euripidem
1285 2969 1492 3034 celeberrima
1524 2985 1593 3044 yer-

379 3077 503 3154 sentur‚
537 3091 576 3135 ex
609 3072 711 3136 altera
738 3091 796 3137 eae
823 3091 902 3154 quas
926 3080 980 3137 aut
1000 3074 1122 3156 primus
1143 3080 1198 3138 aut
1219 3093 1300 3138 unus
1322 3073 1355 3137 in
1378 3091 1527 3136 scaenam
1548 3069 1593 3134 in·
1672 3089 1685 3110 r
1804 3095 1805 3130 ;

379 3174 519 3257 duxerit,
544 3175 624 3239 scitu
647 3195 709 3240 non
731 3175 864 3258 indigna
883 3184 995 3260 sponte
1018 3197 1054 3242 se
1077 3177 1220 3242 offerunt.
1266 3177 1358 3242 huius
1377 3174 1505 3258 generis
1520 3178 1594 3238 ante

379 3284 443 3342 430
466 3277 576 3343 doctas
598 3277 769 3344 habemus:
849 3302 855 3317 ¹

421 3381 557 3446 Aeoinm
589 3381 861 3463 Bellerophontem
887 3383 1009 3468 Diotpn
1042 3383 1174 3452 Cressae
1209 3383 1346 3452 Oenenm
1378 3381 1594 3448 Protesilaum

464 3485 606 3551 Rbcsnm
632 3483 853 3552 Stheneboeom
873 3489 1007 3554 Inonem
1029 3490 1187 3555 Medeam.

378 3597 411 3656 et
430 3589 505 3656 licet
523 3588 636 3656 eodem
652 3610 809 3656 revocare

419 3693 610 3760 Alcestidem
632 3692 859 3760 anetbontem
881 3695 1077 3763 Phoenicem.
1117 3719 1121 3727 ·

168 3849 169 3852 η
275 3875 277 3881 ,
375 3803 449 3883 post
472 3803 535 3862 416
556 3804 663 3864 autem

419 3902 595 3983 Antiopam
620 3899 853 3985 Olroqreippnm,⁸

382 4073 385 4080 ,
418 4003 618 4072 Alcmeonem
646 4004 846 4072 Corinthiam
879 4007 1129 4075 etArcbeinnm
1150 4008 1260 4076 Pellae
1282 4007 1402 4076 doctas.

376 4114 486 4176 contra
508 4110 650 4194 vulgaris
673 4113 852 4194 argumenti
874 4120 947 4179 sunt
969 4121 1043 4178 ante
1066 4120 1147 4178 430:

419 4213 570 4280 Peliaden
590 4213 718 4280 Alcmeo
743 4215 887 4297 Thyestes
912 4216 1064 4300 Telepbns
1086 4217 1285 4298 Philocteta.¹

562 4371 631 4380 -..a—-

445 4451 472 4518 3)
491 4447 553 4502 Nisi
575 4449 720 4505 molestam
745 4453 798 4518 est,
823 4467 884 4507 oum
909 4451 959 4507 hac
984 4452 1167 4522 disputatione
1186 4453 1358 4509 conferantur
1379 4469 1448 4524 quae
1467 4452 1500 4507 de
1520 4453 1593 4507 vitae

354 4549 358 4557 ·
375 4550 406 4590 ac
425 4536 515 4604 poesis
529 4536 690 4605 Euripidcae
704 4539 839 4594 aetatibus
853 4541 920 4594 satis
934 4540 1042 4608 quidem
1057 4541 1170 4608 abrupte
1186 4542 1297 4610 exposui
1309 4540 1486 4610 Zukunftsph.
1500 4539 1536 4594 11.
1551 4540 1593 4596 17.
