3626 5288
1416 410 1468 466 111

391 589 472 654 ΑΔ.
517 586 590 662 πῶς
609 579 691 673 φης,·
717 580 735 650 ό
758 585 785 650 δ’
809 579 906 661 άλλος
928 588 995 649 ποῦ
1017 578 1220 672 κεκμηκότων
1242 577 1352 666 όχλος,·

392 695 469 755 ΛΓ.
514 683 611 776 τάφῳ
633 687 782 754 δίδονται
804 686 890 774 πρδς
911 693 1126 774 Κιθαιρῶνος
1145 691 1294 768 πτυχαῖς.

389 798 470 859 ΑΔ.
513 784 686 858 τοόκεῖθεν
707 789 728 881 ἢ
750 791 946 874 τούνθένδε,
975 789 1027 870 τίς
1046 793 1073 858 δ’
1096 788 1211 878 ἔθαψέ
1230 817 1295 874 νιν,·

392 902 470 962 ΑΓ.
519 891 659 984 Θησεός,
685 890 825 984 σκιώδης
846 892 916 960 ἔνθ’
936 887 1119 978 Ἐλευθερὶς
1138 893 1256 982 πέτρα.

389 1002 469 1064 ΑΔ.
514 991 571 1077 οδς
592 1001 621 1064 δ’
643 995 700 1065 οὐκ
722 995 852 1087 ἔθαψε,
876 1005 943 1064 ποῖ
961 998 1091 1087 νεκροὺς
1108 995 1197 1087 ἥκεις
1219 993 1343 1081 λιπών,

393 1108 467 1169 ΑΓ.
512 1097 616 1188 ε’γγός·
643 1102 748 1182 πέλας
769 1101 831 1188 γὰρ
853 1100 964 1193 πᾶνὸ
983 1128 1016 1168 τι
1039 1097 1266 1183 σπουδάζεται.

388 1210 469 1274 ΛΔ.
513 1198 622 1295 ἦπου
642 1209 767 1294 πικρῶς
788 1231 836 1272 νιν
857 1205 1007 1294 θέραπες
1028 1201 1105 1294 ἦγον
1127 1205 1163 1273 ἐκ
1186 1201 1306 1295 φόνους

393 1317 468 1376 ΛΓ.
513 1309 619 1389 οὐδεὶς
640 1309 763 1400 ἐπέστη
783 1313 867 1398 τηῖδε
889 1314 1006 1390 δοῦλος
1020 1309 1070 1376 δν
1092 1309 1191 1396 πόνῳ.

390 1418 470 1481 ΑΛ.
516 1453 1174 1466 --------

391 1511 467 1584 ΑΓ.
513 1515 613 1607 φαίης
631 1516 669 1584 δν
691 1515 720 1584 εί
742 1522 891 1607 παρῆσθ’
916 1517 964 1586 ὅτ’
987 1515 1100 1608 ἠγάπα
1121 1519 1260 1608 νεκρούς.

389 1626 470 1688 ΑΔ.
515 1617 628 1710 ἔνιψεν
652 1615 749 1700 αότδς
769 1628 837 1688 ταῖν
857 1613 1075 1709 ταλαιπώρων
1094 1619 1242 1712 σφαγάς,

392 1731 468 1794 ΛΓ.
513 1718 682 1812 κάστρωσε
705 1729 732 1812 γ’
754 1719 849 1805 εόνδς
870 1723 1041 1816 κάκάλυψε
1063 1724 1207 1812 σώματα.

389 1832 470 1896 ΑΔ.
515 1828 620 1898 δεινὸν
641 1830 699 1914 μὲν
721 1825 776 1896 οὖν
797 1826 972 1918 βάσταγμα
992 1828 1150 1922 κᾴσχύνην
1172 1829 1251 1915 ἓγον.

393 1938 467 1998 ΑΓ.
512 1931 546 1998 τί
567 1935 595 2000 δ’
619 1931 751 2023 αἰσχρόν
773 1930 985 2023 ἀνθρώποισι
1004 1931 1168 2025 τάλλήλων
1187 1934 1289 2020 κακός

388 2039 468 2101 ΑΔ.
514 2033 617 2120 οἴμοι·
636 2035 744 2104 πόσου
765 2059 844 2127 σφιν
869 2044 1040 2105 συνθανεῖν
1062 2036 1102 2105 ὀίν
1125 2035 1253 2110 ίθελον.
1279 2040 1282 2046 ’

395 2146 473 2206 ΑΓ.
519 2136 648 2229 ἄκραντ’
672 2134 780 2227 όδόρει
801 2143 916 2210 ταῖσδέ
937 2146 965 2208 τ’
989 2141 1113 2228 ἐξάγεις
1131 2139 1237 2232 δάκρυ.

390 2250 470 2312 ΑΔ.
516 2246 602 2312 δοκεῖ
623 2243 701 2332 μέν,
719 2238 818 2311 αὗταί
837 2250 865 2332 γ’
888 2245 971 2314 εἰσὶν
995 2244 1031 2312 αῖ
1054 2244 1264 2315 διδάσκαλοι·

518 2345 587 2414 ἀλλ’
609 2341 681 2432 εἶμ’,
705 2348 820 2436 ἐπαρεῖ
839 2353 923 2437 χεῖρ’
945 2347 1140 2439 ἀπαντήσας
1161 2356 1286 2440 νεκροῖς

506 2449 627 2519 Ἅιδου
648 2477 684 2518 τε
703 2451 834 2535 μολπδις
854 2450 953 2536 ἐκχέω
974 2450 1197 2543 δακρυρρόους,

515 2553 630 2645 φίλους
652 2558 862 2644 προσαυδῶν,
885 2550 929 2623 ὧν
950 2559 1129 2642 λελειμένος
1150 2555 1252 2638 τάλας

514 2656 616 2748 ἔρημα
630 2657 758 2726 κλαίω·
793 2663 889 2728 τοῦτο
909 2659 970 2748 γδρ
991 2657 1090 2747 μόνον
1111 2667 1244 2752 βροτοῖς

514 2767 570 2830 οὐκ
593 2761 665 2831 ἔστι
686 2758 849 2850 τάνάλωμ’
873 2765 1043 2834 ἀναλωθὲν
1063 2770 1184 2853 λαβεῖν,

515 2868 620 2959 ψυχὴν
640 2867 808 2956 βροτείαν·
840 2866 1010 2960 χρημάτων
1033 2873 1062 2938 δ’
1084 2869 1167 2938 εῖσὶν
1190 2870 1301 2960 πόροι.

341 2977 416 3040 XO.
462 2972 504 3040 τὰ
526 2973 586 3058 μὲν
609 2967 656 3060 εὖ,
678 2973 720 3039 τὰ
742 2972 778 3040 δὲ
800 2975 943 3065 δυστυχῆ.

516 3073 614 3144 πόλει
635 3076 695 3161 μὲν
717 3069 848 3158 εόδοξία

261 3191 323 3248 780
521 3180 577 3248 καῖ
600 3178 834 3271 στρατηλάταις
858 3184 955 3273 δορὸς

440 3329 471 3338 ⁴·
515 3284 707 3367 διπλάζεται
728 3286 817 3370 τιμά.

516 3387 591 3473 ε’μοί
613 3387 649 3455 δὲ
672 3387 802 3456 παίδων
822 3390 880 3475 μὲν
903 3389 1035 3458 εἰσιδεῖν
1057 3390 1138 3481 με’λη

516 3488 651 3580 πικρόν,
674 3493 772 3560 καλὸν
791 3493 905 3579 θέαμα
925 3497 971 3578 δ’,
996 3492 1090 3584 εἴπερ
1116 3492 1245 3582 όψομαι

272 3683 325 3738 760
359 3687 413 3734 ποῖ
432 3687 467 3735 Φ.
504 3697 571 3735 corr.
589 3680 747 3736 Ηεννυανκκ.

358 3765 420 3834 ἥκει
441 3774 477 3822 Φ.
514 3783 580 3822 corr.
599 3766 764 3822 Μανλίσνιιῖ.

271 3855 322 3908 763
357 3854 482 3908 lacunam
500 3853 556 3907 ind.
574 3852 731 3909 Hermann.

271 3941 323 3994 765
359 3941 451 3994 αὐτῶν
471 3947 508 3996 Φ.
544 3956 611 3994 corr.
629 3940 737 3996 Reiske.

271 4027 322 4081 767
358 4031 413 4098 μέν
430 4025 464 4094 ἦν
488 4033 524 4080 φ.
561 4043 628 4082 corr.
646 4027 779 4099 Εῖκιείογ.

273 4113 325 4168 769
360 4112 442 4167 πόσω
464 4120 500 4168 Φ.
537 4129 603 4168 corr.
621 4113 776 4183 Κίιελλοβ.

357 4199 461 4267 ἤθελον
478 4199 513 4253 ἂν
530 4207 567 4254 Φ.
604 4216 671 4256 corr.
689 4223 718 4272 φ.

270 4285 323 4341 772
358 4285 416 4341 εἶεν
434 4289 505 4359 αἴρω
526 4292 563 4342 Φ.
600 4303 666 4342 con.
686 4285 821 4358 Είκιείεγ.

168 4419 171 4424 A
271 4372 332 4428 779.
350 4371 386 4427 80
421 4389 474 4428 uno
491 4389 571 4428 versu
590 4374 791 4444 comprehendit
812 4380 848 4432 Φ.

271 4459 322 4513 781
360 4459 427 4530 τιμὴ
447 4467 482 4514 Φ.

269 4545 322 4610 782
358 4546 390 4599 δὲ
407 4552 462 4600 τῶν
480 4548 592 4604 παίδων
611 4567 641 4624 φ.
