3594 5292
785 420 807 482 1.
827 423 851 482 1.
1388 423 1423 484 sl

211 597 417 686 Bacchasque
438 620 497 688 per
517 597 544 666 P
566 575 710 668 servatas
731 600 894 668 habemus.
931 575 1134 687 perspicuum
1152 601 1249 687 igitur
1272 591 1321 671 991
1346 623 1423 670 casu

210 713 333 772 tantum
361 706 479 772 factum
511 726 597 790 esse,
628 713 663 771 ut
683 706 827 772 Bacchas
853 726 913 790 per
932 706 1057 772 codices
1079 707 1218 773 familiae
1239 709 1423 792 posterioris

211 817 355 877 servatas
384 811 574 894 habeamus,
603 830 673 875 cum
696 809 839 876 eiusdem
861 810 981 876 ordinis
1010 812 1051 876 911
1085 817 1180 894 91999
1208 811 1336 878 fabulae
1359 813 1422 898 By-

210 916 355 980 zantinae
378 915 506 980 scholae
529 913 676 982 sordibus
697 915 870 998 immunes,
902 913 1030 980 scholiis
1052 915 1212 981 veteribus
1234 917 1422 1001 instructae;
1551 953 1555 959 ·

211 1019 287 1101 quin
302 1019 386 1084 deri
412 1025 533 1103 potest,
566 1025 601 1083 ut
628 1019 662 1083 in
688 1017 841 1084 Vaticano
873 1026 905 1084 ct
934 997 1108 1085 Havuiensi
1136 1019 1244 1085 codice
1271 1021 1422 1087 mutilatis

210 1123 269 1189 sub
305 1123 402 1190 finem
441 1123 517 1188 olim
543 1121 689 1188 Bacchae
719 1121 860 1188 Rhesum
889 1123 1056 1207 exceperit.
1109 1144 1130 1188 a
1158 1122 1273 1190 fabulis
1303 1123 1423 1192 ordinis

208 1227 393 1312 posterioris
417 1225 645 1309 seiungendam
667 1246 738 1292 esse
760 1225 843 1291 infra
863 1227 927 1292 alia
946 1247 1053 1292 rursus
1074 1228 1195 1293 ratione
1211 1227 1422 1294 certissimum

208 1331 278 1397 fiet:
302 1351 385 1396 nunc
410 1331 488 1396 99119
507 1330 611 1396 habeo
634 1351 745 1414 unum,
768 1330 853 1412 quod
871 1330 948 1394 mihi
971 1331 1093 1396 obverti
1115 1351 1211 1415 posse
1227 1333 1306 1418 acio,
1330 1333 1422 1399 refel-

209 1436 290 1501 lere.
336 1434 420 1501 redit
442 1435 564 1500 seilicet
584 1433 727 1500 Troades
747 1434 884 1498 Palatini
906 1433 948 1498 ad
967 1434 1108 1500 codicem
1131 1435 1185 1519 qui
1205 1437 1423 1520 trigintaocto

207 1559 323 1606 versus
352 1541 386 1604 in
421 1539 541 1623 pagina
570 1537 695 1622 habuit,
728 1537 874 1604 Bacchae
904 1537 1042 1603 Palatini
1069 1539 1112 1604 ad
1141 1539 1282 1606 codicem
1311 1541 1423 1625 viginti

208 1663 367 1710 versuum.
412 1662 550 1726 namque
574 1641 689 1708 Troad.
715 1649 791 1726 193,
817 1650 893 1726 194,
918 1649 980 1707 195
1003 1643 1037 1707 in
1059 1642 1135 1728 fine,
1161 1650 1237 1730 939,
1262 1651 1334 1730 933,
1359 1651 1422 1712 931

207 1749 241 1812 19
272 1747 429 1832 principio
457 1747 594 1812 mutilati
620 1753 709 1831 sunt,
743 1746 829 1828 quod
856 1746 1001 1842 abscissa
1024 1748 1161 1831 paginae
1187 1755 1278 1832 parte
1306 1749 1424 1815 factum

208 1871 281 1918 esse
305 1857 551 1918 consentaneum
570 1856 628 1918 991.
664 1857 698 1916 91
711 1850 854 1916 Bacchas
870 1849 998 1916 exhibet
1012 1852 1175 1918 Palatinus
1195 1852 1283 1918 hiatu
1302 1853 1424 1937 ingenti

209 1955 423 2021 deformatam
444 1961 518 2040 post
539 1975 586 2021 vs.
611 1961 713 2035 1330,
739 1955 793 2038 qui
813 1955 945 2039 Agavac
965 1949 1138 2022 orationem
1159 1956 1247 2022 chori
1266 1957 1423 2040 quaedam

208 2059 329 2124 Bacchi
361 2059 512 2126 orationis
544 2059 733 2144 principium
766 2059 881 2126 hausit.
933 2059 1144 2144 quadraginta
1176 2062 1322 2128 versibus
1351 2069 1424 2147 post

207 2164 325 2230 iterum
352 2163 441 2229 hiare
472 2164 646 2229 orationem
673 2163 873 2230 Hermannus
901 2165 1046 2230 omnibus
1071 2165 1238 2248 persuasit,
1276 2173 1424 2232 secuntur

208 2287 322 2334 versus
331 2318 345 2359 ,1
367 2269 395 2334 91
417 2267 467 2334 dis
489 2269 610 2352 placet,
634 2268 843 2352 anapaestici‚
871 2287 950 2350 quos
968 2289 1019 2334 me
1040 2266 1145 2334 iudice
1166 2271 1341 2336 rectissime
1361 2270 1423 2356 By-

208 2373 336 2438 zantina
367 2371 498 2438 falsario
526 2372 636 2436 tribuit
656 2371 834 2456 Nauckius,
865 2373 925 2438 etsi
954 2373 1068 2438 ceteris
1099 2372 1271 2440 editoribus
1293 2393 1422 2458 persua-

209 2477 293 2544 sisse
315 2497 379 2542 non
401 2475 535 2541 videtur.
574 2482 607 2540 at
628 2475 717 2541 iuvat
738 2475 857 2559 primos
878 2476 991 2542 saltem
1005 2475 1087 2542 siout
1104 2477 1137 2541 in
1153 2476 1260 2542 codiee
1276 2479 1423 2560 leguntur

207 2581 388 2665 excribcrc,
411 2599 486 2645 nam
506 2579 641 2662 inproba
662 2579 804 2646 sollertia
821 2579 1001 2646 barbariem
1023 2579 1069 2646 eis
1092 2581 1292 2647 deterserunt
1314 2581 1422 2646 critici.

340 2687 410 2749 ΑΓ.
449 2677 604 2769 στέρομαί
623 2702 660 2746 σε
682 2679 787 2764 πάτερ
835 2686 914 2746 KA.
937 2678 1025 2767 κάγώ
1048 2683 1159 2750 τέκνου

347 2797 361 2826 ·
449 2785 505 2852 καὶ
528 2784 588 2864 σὰς
610 2783 768 2873 ἐδάκρυσα
788 2781 997 2875 κασιγνήτους
1019 2787 1113 2876 (σας
1131 2795 1218 2856 recte
1232 2789 1423 2877 Brunckius)

450 2891 563 2968 δεινῶς
585 2889 646 2976 γὰρ
668 2888 755 2956 τάνδ’
778 2887 887 2956 αἰκίαν

451 2989 609 3072 Διόνυσος
631 2990 712 3074 ἅναξ

450 3097 526 3176 τοὺς
548 3097 625 3176 σούς
647 3095 694 3177 εἷς
717 3094 826 3176 οἴκους
847 3095 940 3188 ἔφερε

356 3207 414 3270 ΔΙ.
452 3201 507 3268 καὶ
531 3201 590 3288 γὰρ
614 3199 758 3284 ἔπασχον
782 3202 870 3269 δεινὰ
893 3202 978 3290 πρὸς
994 3201 1084 3287 ὑμῶν

450 3301 603 3392 ἆγέρατον
625 3299 713 3390 ὄνομ’
735 3303 814 3388 ἔχων
835 3305 869 3372 ἐν
896 3303 1034 3396 Θήβαις·

337 3417 412 3476 ΑΓ.
447 3411 529 3497 χαῖρ’
552 3402 578 3474 ὦ
601 3407 706 3496 πάτερ
728 3408 785 3494 μοι’
808 3415 888 3475 ΚΑ.
909 3413 991 3498 χαῖρ’
1014 3405 1041 3476 ὦ
1062 3411 1159 3495 μελέα
1182 3409 1322 3502 θύγατερ

449 3515 602 3597 χαλεπῶς
623 3511 669 3592 εἷς
691 3514 758 3580 τόδ’
781 3510 819 3579 bb
841 3512 939 3602 ἥκοις.
962 3541 1010 3581 au.
1033 3511 1058 3582 ἓ.

207 3643 268 3689 999
296 3622 500 3688 9999911999
530 3621 705 3686 sententiae
733 3621 848 3704 corrigi
876 3620 1001 3687 debent.
1045 3623 1140 3706 parili
1161 3623 1244 3688 enim
1265 3623 1423 3690 excellunt

207 3727 330 3810 ineptia
348 3732 527 3810 poetaeque
551 3723 721 3790 ostendunt
743 3725 914 3807 genuinum
940 3725 1117 3810 ingenium,
1150 3727 1279 3810 gemelli
1300 3727 1421 3793 scilieet

209 3831 278 3896 eius
299 3831 354 3913 qui
376 3829 488 3894 eadem
510 3847 711 3894 numerorum
734 3829 891 3894 suavitate
914 3829 1028 3894 cecinit
1049 3830 1131 3894 Dan.
1153 3837 1191 3894 61

384 3927 451 3998 ἀλλ’
481 3928 598 4016 εἰσορῶ
621 3931 679 4018 γὰρ
701 3930 853 4016 τύραννον
874 3929 993 4012 χθονὸς
1014 3933 1104 4020 τῆσδ’
1126 3928 1191 3997 aad.

146 4046 157 4070 ·
210 4045 242 4103 91
271 4037 475 4121 elegantioris
504 4037 600 4102 etiam
627 4037 728 4116 illius,
761 4037 849 4103 cuius
878 4037 996 4104 vindex
1022 4055 1123 4122 nuper
1145 4038 1248 4104 extitit
1277 4037 1420 4124 Weilius‚

210 4143 265 4224 qui
296 4141 482 4227 Iphigeniae
516 4140 697 4206 Aulidensia
736 4141 872 4206 exodum
909 4141 1051 4207 eiusdem
1081 4141 1203 4208 farinae
1238 4143 1420 4228 anapaestis

210 4243 339 4330 dignum
361 4246 395 4310 in
416 4244 545 4310 modum
567 4245 719 4311 conclusit

446 4345 566 4436 χαίρων
584 4339 729 4434 Ἀτρείδη
751 4353 807 4437 γῆν
829 4348 900 4412 ἵκου
927 4345 1067 4436 Φρυγίαν

447 4449 567 4538 χαίρων
589 4453 617 4516 d'
640 4449 779 4539 ἐπάνηκε

449 4551 606 4622 κάλλιστά
628 4580 685 4638 μοι
708 4558 797 4622 σκῦλ’
820 4547 889 4623 ἀπὸ
916 4553 1036 4644 Τροίας
1058 4553 1147 4624 ἑλῶν.

1155 4662 1203 4728 411
