3626 5288
374 383 425 438 tce
944 375 981 430 11.
999 375 1025 430 3.

372 555 480 638 logum
512 551 721 618 confecerunt.
783 549 898 632 quodsi
929 549 1072 614 Tennem
1103 545 1383 612 Rhadamanthum
1418 544 1592 612 Pirithoum

372 658 413 723 ab
427 653 580 740 Euripide
603 653 799 738 abiudicant,
823 652 960 718 eundem
983 657 1157 734 auctorem,
1181 649 1375 716 didascalias
1398 649 1591 718 consentien-

372 767 421 826 tes
442 758 592 824 habuisse
614 756 748 842 putandi
771 762 856 840 sunt,
884 755 1000 838 quodsi
1021 754 1199 820 Pirithoum
1222 753 1341 820 Critiae
1364 753 1592 837 adtribuerunt,

374 864 442 929 eius
471 881 586 928 nomen
615 859 794 926 didascalia
822 859 954 925 serebat.
1001 857 1090 940 atqui
1112 857 1290 923 didascalia
1311 865 1446 940 quatuor
1467 857 1592 923 fabulas

373 964 585 1052 amplectitur,
609 985 647 1030 ac
674 965 702 1030 si
728 983 793 1029 una
819 970 950 1048 propter
973 961 1131 1029 sentiendi
1153 968 1185 1026 et
1207 961 1334 1026 dicendi
1356 960 1593 1026 similitudinem

372 1068 532 1154 quandam
553 1067 700 1153 Euripidi
726 1068 822 1152 vulgo
849 1065 968 1132 tradita
990 1072 1051 1149 est,
1077 1065 1162 1130 idern
1189 1065 1223 1130 in
1245 1065 1390 1132 omnibus
1413 1065 1482 1130 eius
1504 1063 1592 1129 dida-

372 1173 490 1239 scaliae
523 1171 639 1238 fabulis
670 1170 789 1237 factum
824 1191 895 1238 esse
926 1169 1013 1236 haud
1040 1168 1178 1236 absurde
1201 1169 1303 1235 conici
1324 1175 1438 1254 potest.
1485 1187 1592 1252 quam·

372 1295 468 1362 quam
489 1276 573 1342 ultra
595 1281 723 1342 tenuem
749 1274 983 1360 probabilitatis
1006 1273 1146 1358 speciem
1167 1273 1221 1338 vix
1243 1272 1510 1358 progrederemur
1531 1271 1592 1337 nisi

372 1379 437 1446 alia
462 1398 589 1464 qnoque
614 1377 724 1444 fabula
749 1379 832 1444 inter
853 1377 1040 1462 Euripidem
1063 1382 1095 1442 et
1117 1375 1249 1441 Critiam
1271 1381 1477 1442 controversa
1499 1379 1591 1441 esset.

306 1465 310 1471 ¹
461 1481 635 1568 Sisyphum
669 1482 841 1568 satyricam
873 1487 955 1547 teste
987 1479 1166 1545 didascalia
1192 1477 1279 1564 apud
1304 1478 1472 1544 Aelianum
1493 1477 1531 1544 V.
1554 1477 1592 1544 H.

369 1588 452 1652 lle
486 1585 657 1672 Euripides
691 1606 774 1651 anno
802 1590 866 1650 415
901 1584 1016 1650 docuit.
1073 1583 1228 1650 excitatur
1253 1581 1412 1669 Sisyphus
1445 1603 1466 1648 a
1494 1581 1594 1648 Suida

370 1689 447 1774 lgm.
472 1695 545 1754 674.

587 1785 690 1878 χαίρω
713 1788 750 1876 γέ
771 1792 800 1855 o'
823 1782 849 1856 ὦ
871 1788 1043 1874 βέλτιστον
1056 1787 1235 1877 Ἀλκμήνης
1256 1787 1349 1870 τέκος

589 1892 769 1984 (umberto)
788 1889 845 1961 τόν
866 1917 902 1958 τε
921 1892 1038 1979 μιαρὸν
1059 1886 1239 1974 testatam
1262 1892 1379 1981 (suppl.
1404 1893 1528 1979 Cobet.)

371 2005 405 2066 at
427 2018 497 2066 cum
521 1999 651 2065 Herculi
672 2000 705 2064 in
727 1999 860 2084 Sisyphi
880 1998 990 2064 sabula
1012 2019 1109 2082 aegre
1131 1999 1219 2064 locus
1235 1998 1289 2083 sit,
1311 1997 1419 2064 nescio
1435 2018 1477 2064 an
1492 1988 1589 2082 Εὔρι-

371 2097 472 2190 alapa
492 2095 585 2168 arcta
609 2123 648 2168 ex
670 2092 850 2190 Εὐριπίδης
873 2093 936 2166 cvi'
960 2107 1143 2186 corruptum
1166 2102 1215 2167 sit.
1254 2108 1375 2168 restant
1388 2102 1485 2185 igitur
1499 2121 1588 2186 prae·

371 2213 421 2272 ter
445 2227 541 2272 unam
567 2226 679 2272 vocem
698 2206 746 2272 'ab
768 2205 931 2291 Hesychio
959 2179 1127 2272 servatani
1146 2205 1360 2289 quadraginta
1391 2205 1454 2271 duo
1480 2223 1592 2272 versus

372 2309 501 2375 minime
534 2308 713 2395 Euripidei,
746 2309 907 2393 Euripidis
942 2309 1117 2375 secundum
1139 2309 1343 2374 Plutarchum
1373 2315 1404 2374 et
1427 2307 1592 2391 Calenum,

372 2412 490 2480 Critiae
518 2413 691 2479 secundnm
717 2413 849 2478 Sextum
871 2413 1074 2497 Empirioum.
1121 2413 1201 2478 duas
1223 2411 1321 2496 igitur
1343 2411 1486 2478 extitisse
1508 2411 1588 2478 arbi·

370 2522 493 2582 trantur
518 2516 579 2582 viri
606 2515 691 2582 docti
716 2515 855 2600 tabulas,
883 2517 1017 2582 alteram
1050 2517 1222 2600 satyricam
1248 2515 1424 2600 Euripidis,
1458 2516 1590 2581 alteram

370 2619 569 2705 tragoediam
592 2619 723 2704 Critiae,
751 2639 833 2702 quae
861 2625 967 2684 tamen
995 2620 1053 2685 sub
1076 2619 1238 2702 Euripidis
1259 2620 1387 2685 nomine
1409 2617 1591 2684 circumlata

371 2729 464 2790 esset.
509 2723 661 2806 quivero
684 2723 815 2807 factum,
839 2729 872 2787 nt
893 2723 976 2788 inter
999 2723 1125 2807 spurias
1148 2723 1366 2788 omitteretur?
1387 2723 1442 2806 qui
1463 2721 1590 2805 factum,

370 2827 466 2893 bodie
489 2825 609 2893 addere
631 2845 813 2911 possumus,
835 2833 870 2892 ut
890 2827 924 2890 in
939 2847 1097 2892 marmore
1113 2827 1258 2892 Piraeieo
1273 2847 1338 2892 una
1355 2832 1478 2892 tantum
1492 2845 1586 2910 pone-

370 2931 478 2996 retur?
521 2930 576 3013 qni
598 2930 730 3014 facturn,
753 2936 789 2994 ut
810 2929 895 2995 duae
916 2930 1045 2996 fabulae
1068 2929 1163 2996 modo
1186 2930 1332 3014 Euripidi
1352 2929 1447 2995 modo
1470 2929 1588 2995 Critiae

368 3033 601 3100 tribuerentur?
645 3053 769 3098 summa
791 3034 935 3099 veritatis
958 3033 1082 3118 species
1097 3033 1180 3100 inest
1194 3035 1228 3099 in
1243 3034 1453 3118 simplicitate.
1493 3032 1588 3100 omni-

368 3137 428 3202 bus
456 3142 562 3202 autem
590 3135 659 3202 eius
686 3136 827 3202 numeris
854 3137 1051 3202 satisfactum
1079 3138 1151 3221 erit,
1179 3137 1207 3202 si
1233 3137 1435 3222 posuerimus
1459 3136 1589 3202 Critiam

368 3239 515 3306 docuisse
541 3239 743 3324 tetralogiam
765 3237 881 3327 Τέννην
891 3235 1117 3322 Ῥαδάμανθυν
1132 3235 1316 3326 Πειρίθοον
1329 3234 1474 3328 Σίσυφον
1490 3237 1589 3326 (quod

366 3342 421 3408 vix
452 3341 515 3408 alio
544 3348 688 3426 tempore
721 3344 837 3427 potuit,
869 3364 965 3427 quam
991 3351 1161 3428 postquam
1185 3365 1226 3410 ex
1251 3344 1422 3412 Thessalia
1447 3343 1589 3410 Athenas

367 3445 462 3512 rediit
482 3444 561 3532 411)
587 3447 763 3529 posteriore
790 3454 946 3531 tempore,
980 3467 1052 3513 cum
1077 3449 1193 3532 partim
1220 3467 1297 3514 casu
1323 3447 1442 3532 partim
1468 3446 1589 3513 invidia

366 3549 455 3616 iama
477 3549 545 3615 eius
569 3549 750 3616 oblitterata
773 3552 904 3638 esset,⁷)
925 3551 1071 3636 Euripidi
1092 3552 1277 3617 attributam
1298 3571 1368 3618 esse
1388 3551 1588 3634 tetralogiam

364 3653 471 3737 illam,
497 3651 733 3720 Alexandrinos
758 3653 888 3720 tandem
915 3655 1140 3739 grammaticos
1167 3654 1351 3738 tragoedias
1374 3654 1503 3738 quidem
1524 3674 1586 3720 uno

364 3777 421 3822 ore
449 3757 479 3822 ei
506 3755 697 3841 restituisse,
724 3757 759 3822 in
782 3759 923 3844 satyrica
949 3759 1057 3844 paullo
1079 3758 1237 3842 haesisse,
1265 3759 1341 3842 quia
1362 3759 1432 3824 eius
1452 3757 1587 3824 nominis

363 3858 517 3944 fabulam,
540 3878 576 3924 re
597 3879 676 3924 vcra
698 3860 870 3946 perditam,
893 3862 934 3927 ab
957 3861 1109 3948 Euripide
1133 3860 1259 3928 doctam
1282 3882 1354 3928 esse
1377 3861 1504 3928 scirent.

451 4077 479 4154 7)
498 4076 559 4132 Non
578 4077 666 4134 solum
679 4077 836 4148 tragoediae
849 4078 992 4134 sedetiam
1007 4081 1037 4132 at
1049 4078 1249 4149 καταλογάδην
1261 4082 1401 4132 πολιτεῖαι
1414 4078 1459 4132 vel
1469 4076 1587 4132 Alexan·

362 4160 410 4218 dro
428 4161 636 4232 Aphrodisiensi
655 4164 765 4233 ignotae
782 4167 874 4232 erant,
893 4181 953 4220 cum
969 4167 1083 4235 negaret
1103 4165 1192 4220 extare
1212 4163 1360 4234 quidquam
1376 4166 1482 4234 praeter
1499 4165 1586 4235 ἐμμέ-

361 4266 442 4322 τρους
464 4251 607 4310 πολιτείας
628 4249 700 4320 qnod
718 4249 820 4306 Critiae
843 4267 942 4305 nomen
965 4251 1023 4306 iure
1042 4250 1133 4306 terret.
1169 4254 1263 4306 notum
1282 4253 1337 4317 est,
1356 4249 1492 4306 Herodem
1512 4249 1586 4304 Atti·

363 4349 424 4388 cum
449 4351 480 4389 ex
499 4334 555 4389 situ
572 4335 738 4406 protraxisse
754 4335 892 4405 pedestria
911 4337 1014 4392 CrItiae
1033 4337 1146 4406 scripte,
1172 4341 1253 4406 atque
1272 4338 1313 4392 ita
1330 4336 1432 4391 iactum
1450 4351 1526 4404 esse,
1554 4337 1586 4390 ut

361 4418 396 4474 ab
419 4417 534 4478 heliano
568 4426 785 4492 excerperentur,
820 4423 1003 4478 Philostratus
1031 4426 1059 4479 ct
1085 4424 1268 4491 Hermogenes
1296 4421 1329 4478 de
1353 4422 1440 4477 Critia
1463 4424 1585 4492 agerent.
1637 4465 1648 4500 χ

362 4504 434 4576 legit
452 4511 598 4569 πολιτείας
614 4509 659 4566 vel
675 4508 816 4566 Libanius.
