3666 5296
818 415 914 474 ΙΠ.7.
1420 413 1473 474 235

349 589 405 663 Bis
435 596 524 659 terve
554 612 575 658 a
593 589 711 658 tradito
737 609 886 658 versuum
913 589 1025 660 ordine
1045 592 1079 660 in
1100 590 1163 658 hac
1186 588 1353 674 tragoedia
1374 588 1474 657 desci-

262 701 377 762 verunt
398 695 551 781 editores3
579 702 613 763 at
634 695 742 782 paullo
761 696 890 781 saepius
905 695 1019 763 eodem
1034 694 1175 764 remedio
1191 714 1272 780 opus
1287 699 1344 761 est.
1377 713 1475 761 unum

263 798 364 884 digito
391 806 585 870 monstrasse
615 801 693 868 satis
723 806 780 868 est
825 801 859 866 in
890 801 1023 887 prologo
1045 800 1179 887 Megara
1201 799 1338 886 primam
1360 798 1474 866 oratio·

262 925 336 982 nem
356 902 510 992 (graviter
529 904 723 993 corruptam)
745 905 791 972 ita
808 905 967 973 concludit

670 1015 772 1115 Ιἥντιν’
797 1017 851 1094 οὖν
872 1021 998 1116 γνώμην
1020 1022 1102 1110 δ’χεις

351 1137 392 1196 86
588 1129 652 1218 ue)
675 1129 709 1210 ἐς
729 1128 768 1198 εδ
791 1125 915 1219 κοινόν,
941 1129 986 1221 μὴ
1007 1133 1122 1198 δανεῖν
1144 1126 1275 1213 ἕτοιμον
1297 1120 1325 1218 ᾗ.

350 1241 392 1301 88
437 1238 558 1301 ΑΜΦ.
591 1227 796 1325 deiparae,
818 1231 909 1304 οδιοι
932 1231 1046 1327 ῥᾴδιον
1070 1235 1112 1302 νδ
1134 1232 1246 1301 τοιάδε

351 1347 392 1406 89
589 1335 721 1429 φαύλως
739 1337 904 1430 περαίνειν
928 1335 1144 1410 σπουδάσαντ’
1164 1335 1239 1406 δῖνον
1261 1332 1381 1404 πόνου·

352 1453 393 1511 87
588 1443 700 1534 χρόνον
721 1443 758 1513 δὲ
780 1441 967 1534 μηκύνωμεν
989 1441 1077 1526 ὄντες
1097 1437 1259 1522 dococto.

351 1555 393 1616 90
477 1552 554 1614 ΜΕ.
586 1543 690 1639 λάπης
710 1575 744 1618 τι
765 1552 921 1639 προσδεῖς
940 1547 961 1642 ἢ
982 1552 1088 1640 φιλεῖς
1110 1546 1193 1617 οδλιω
1211 1541 1315 1636 prior,-

430 1657 553 1720 AMor.
587 1652 644 1720 καὶ
665 1655 748 1743 σηῖδε
768 1652 870 1744 χαίρω
891 1653 947 1721 καὶ
968 1657 1054 1743 φιλῶ
1073 1653 1134 1733 τὰς
1154 1648 1301 1730 ἐλπίδας.
1400 1675 1402 1678 ·

428 1777 432 1785 ·
484 1761 561 1827 ΜΕ.
591 1751 692 1845 κάγώ·
719 1761 826 1826 δοκεῖν
845 1757 882 1826 δὲ
900 1751 1047 1850 τάδόκητ’
1070 1753 1107 1827 οδ
1128 1751 1199 1848 χρή,
1220 1754 1338 1843 χέρσν.’

430 1865 553 1928 AMo.
581 1862 615 1930 ἐν
635 1867 708 1943 ταῖς
730 1859 906 1950 ἀναβολαῖς
925 1869 990 1931 σοῖν
1009 1867 1115 1932 κακοῖν
1137 1858 1235 1930 ἔνεστ’
1258 1857 1330 1949 άκη.

476 1969 553 2035 ΜΕ.
584 1964 602 2034 δ
625 1967 653 2034 δ’
673 1966 707 2034 ἐν
728 1967 818 2057 μέσῳ
841 1964 948 2036 δάκνει
970 1994 1010 2054 με
1031 1965 1156 2054 λνπρδς
1174 1963 1220 2032 ὢν
1237 1959 1360 2054 χρόνος.

266 2111 362 2174 quarn
385 2089 543 2172 absurdus
563 2089 699 2158 traditus
722 2091 801 2159 ordo
817 2092 873 2179 sit,
896 2113 960 2159 non
973 2113 1106 2160 necesse
1121 2097 1170 2158 est
1185 2094 1368 2176 exponatur.
1407 2092 1478 2154 uter

264 2194 441 2278 cunctando
477 2202 508 2262 et
534 2195 710 2262 differendo
741 2197 876 2264 salutem
903 2197 1049 2281 quaerit?
1098 2197 1162 2262 utri
1190 2214 1267 2280 ergo
1295 2199 1334 2257 87
1365 2211 1479 2259 conve·

262 2301 333 2366 nit?
377 2321 416 2367 ac
441 2301 559 2366 bellum
589 2307 658 2367 erat
685 2300 949 2388 Amphitryoncm
978 2302 1127 2386 ignaviae
1146 2299 1285 2366 incusari
1307 2316 1378 2364 cum
1399 2295 1479 2364 nihil

264 2405 399 2472 dixisset
431 2405 494 2472 nisi
520 2405 628 2472 verbis
658 2427 751 2492 opem
781 2406 842 2472 sibi
868 2406 945 2474 ferri
970 2428 1034 2473 non
1059 2425 1170 2492 posse;
1206 2405 1290 2471 inest
1312 2401 1395 2470 enim
1415 2399 1479 2468 hcc

264 2529 328 2577 vss.
352 2517 403 2576 88.
427 2518 445 2575 9
468 2510 634 2593 inquibus
656 2511 725 2578 sine
747 2531 847 2578 causa
868 2517 1132 2580 commentatores
1154 2509 1334 2578 haeserunt.

351 2631 388 2696 In
410 2631 634 2718 stichomythia
655 2653 719 2717 qua
732 2635 888 2701 Hercules
910 2655 950 2701 ex
964 2633 1196 2720 Amphitryone
1208 2631 1295 2698 mala
1309 2649 1369 2697 sua
1382 2647 1477 2712 quae-

264 2735 306 2801 rit
338 2735 478 2802 traiectis
511 2757 574 2803 vss.
600 2745 693 2803 1118.
719 2748 737 2805 9
769 2759 880 2806 verum
909 2738 1053 2806 ordinem
1072 2737 1238 2804 Nauckius
1269 2732 1477 2819 recuperavit
1585 2791 1587 2796 ,

265 2838 379 2907 eadem
415 2838 573 2912 medicina
604 2841 679 2921 ‚finis
711 2841 847 2910 diverbii
877 2843 1009 2928 indiget.
1065 2842 1107 2909 de
1137 2841 1245 2908 uxoris
1279 2839 1477 2922 liberumque

267 2945 367 3012 caede
388 2945 504 3012 certior
524 2943 628 3013 factus
650 2946 805 3014 Hercules
826 2947 924 3014 ciulet
1033 2948 1039 2968 ⁸

474 3061 567 3131 αλαῖ·’
588 3071 773 3152 στεναγμῶν
796 3061 856 3154 γάρ
878 3092 920 3152 με
941 3060 1132 3155 περιβάλλει
1153 3063 1260 3154 νέφος.

267 3184 441 3272 respondet
460 3187 608 3255 lamentis
633 3189 715 3258 sicut
734 3189 945 3275 aequabilitas
970 3190 1125 3258 sermonis
1146 3188 1270 3293 flegitat
1290 3185 1479 3274 Amphitryo

311 3312 396 3373 1140
569 3307 692 3376 τούτων
716 3307 809 3377 ἕκατι
831 3309 1096 3391 cognoveram
1118 3303 1214 3391 τάχας

454 3413 526 3481 ΗΡ.
567 3405 668 3502 ἧχὰρ
689 3412 836 3504 συνήραξ
859 3407 949 3482 οἶκον
972 3410 1169 3504 ἢ’βάκχαισ’
1188 3406 1280 3497 ἕμόνς

437 3521 527 3583 AM.
570 3508 628 3584 οὐκ
648 3511 723 3584 οῖδα
743 3517 830 3608 πλην
853 3516 901 3584 ἓν·
922 3513 1035 3584 πάντα
1058 3519 1195 3606 δυστυχῆ
1216 3515 1258 3582 τὰ
1274 3511 1331 3582 σά.

265 3659 297 3706 ν.
319 3644 402 3703 1141
440 3635 569 3705 difficile
601 3637 687 3706 dictu
721 3647 770 3708 est
803 3647 938 3725 quantas
975 3639 1161 3708 excitaverit
1187 3639 1314 3724 turbas,
1351 3636 1410 3704 scd
1439 3657 1480 3705 ex

265 3743 388 3828 ingenti
409 3742 660 3810 coniecturarum
673 3765 805 3812 numero
819 3746 907 3812 nulla
920 3745 1048 3813 videtur
1062 3743 1359 3812 commemoratione
1373 3741 1480 3828 digna.

266 3842 345 3934 ἤθει
379 3847 463 3914 enim
493 3853 636 3916 contorta
658 3856 690 3917 et
711 3851 885 3936 ampullata
905 3871 970 3917 non
993 3849 1190 3917 conveniunt.
1236 3853 1337 3914 artem
1357 3847 1480 3933 Euripi-

210 4017 212 4026 ,
267 3951 318 4018 dis
337 3952 371 4018 in
394 3951 545 4018 cotidiani
566 3955 721 4022 sermonis
744 3956 822 4022 scite
843 3955 1045 4022 dissimulata
1065 3953 1241 4020 imitatione
1256 3953 1393 4040 positam
1409 3971 1481 4019 esse

266 4056 387 4123 iudicat
418 4056 447 4123 is
473 4058 527 4140 qui
553 4059 598 4124 nil
622 4060 748 4126 molitur
769 4060 876 4146 inepte
898 4060 1100 4145 Aristotelea,
1124 4060 1341 4142 consentitque
1363 4057 1417 4140 qui
1440 4056 1481 4122 de

268 4159 462 4228 sublimitate
494 4161 683 4249 disputavit,
723 4165 908 4250 Euripidem
940 4165 1005 4232 vim
1039 4165 1237 4250 quaesivisse
1272 4162 1482 4248 simplicitate,

269 4267 418 4352 exemplo
440 4287 517 4335 usus
539 4270 632 4336 huius
654 4269 837 4355 tragoediae
857 4291 887 4336 v.
913 4276 1007 4337 1245.
1020 4269 1046 4358 ¹)
1089 4271 1197 4354 itaque
1217 4268 1363 4354 quamvis
1385 4264 1482 4334 auda

357 4492 384 4560 1)
403 4491 507 4546 Iniuria
525 4509 549 4547 v.
568 4492 637 4548 1245
655 4492 738 4547 codex
756 4489 778 4546 G
797 4490 926 4545 vitiosum
954 4491 1080 4546 exhibere
1097 4490 1208 4554 dicitnr,
1227 4489 1392 4546 hubetenim
1406 4494 1483 4560 γέμω
1604 4505 1607 4512 ·

270 4585 363 4634 κακῶν
386 4578 420 4647 δὴ
445 4579 518 4636 sicut
534 4579 698 4637 Plutarchus
721 4581 750 4637 et
772 4579 820 4649 qui
842 4578 980 4636 dicebatur
995 4577 1141 4650 Longinus.
1180 4577 1302 4649 lepidum
1323 4579 1365 4633 est
1380 4576 1483 4648 Pytha·
