3626 5288
812 355 848 410 H.
867 355 893 411 3.
1409 355 1462 413 165

243 543 314 590 1111
335 525 450 592 iterum
476 525 654 610 iterumque
680 526 907 611 pronuntiaret.
956 526 1076 617 inuno
1102 533 1134 594 et
1159 527 1245 614 vide,
1277 528 1354 612 quid
1382 527 1461 596 Piri-

242 627 309 694 thoi
331 631 467 715 scriptor
490 629 618 697 sentiat:
642 628 731 717 (fgm.
757 629 835 718 596)

420 773 421 778 ’
527 749 565 817 σὲ
588 748 644 817 τὸν
665 741 828 838 αὖτοφυᾶ,
852 747 909 816 τὸν
932 745 964 818 ἓν
986 746 1126 838 αἰθερίῳ

526 853 635 942 ρύμβῳ
657 848 791 920 πάντων
815 848 912 942 φύσιν
936 851 1137 938 ε’μπλέξανθ’

529 949 566 1024 ὃν
589 957 667 1045 περὶ
689 955 747 1042 μὲν
767 961 852 1045 φῶς,
876 956 955 1046 περὶ
977 958 1005 1024 δ’
1029 949 1172 1046 ὅρφναία

527 1061 584 1142 νὺξ
603 1056 790 1150 αἰολόχρως,
813 1057 943 1149 ἄκριτός
964 1063 991 1126 τ’
1010 1055 1136 1149 ἷίστρων

529 1159 624 1248 ὄχλος
648 1163 819 1247 ἐνδελεχῶς
841 1156 1059 1254 α’μφιχορεύει.

243 1306 338 1370 quem
370 1286 501 1353 tandem
533 1285 633 1353 dicit?
676 1287 848 1372 respondet
876 1287 1035 1372 Clemens,
1070 1286 1121 1354 cui
1153 1308 1266 1355 versus
1298 1288 1462 1376 debentur,

241 1387 298 1456 τὸν
320 1389 512 1478 δημιουργὸν
529 1394 610 1458 νοῦν.
646 1389 748 1457 habes
769 1390 1003 1476 Anaxagoram.
1042 1391 1212 1478 Euripides
1234 1413 1293 1459 nec
1313 1393 1463 1482 δημιουρ-

241 1491 299 1580 γὸν
318 1514 378 1561 nec
399 1498 471 1560 νοῦν
493 1496 589 1562 novit.

330 1615 473 1700 Exposui
500 1617 562 1682 alio
590 1617 659 1682 loco
682 1614 928 1703 (Zukunftsphil.
951 1607 976 1680 Ι.
1001 1615 1057 1704 27)
1084 1617 1258 1682 secundum
1278 1617 1463 1702 Euripidem

215 1716 220 1722 ’
241 1719 361 1785 homini
383 1726 501 1786 certam
524 1721 642 1804 ingenii
664 1727 696 1786 et
716 1741 839 1786 morum
860 1720 1000 1786 indolem
1014 1719 1154 1786 innatam
1170 1741 1255 1806 esse,
1278 1739 1361 1804 quae
1375 1722 1464 1787 nulla

243 1842 394 1906 umquam
420 1844 456 1890 re
482 1824 585 1890 deleri
605 1831 727 1910 posset,
756 1825 847 1908 sequi
875 1824 1019 1891 homines
1047 1844 1120 1890 eum
1146 1823 1237 1890 fatali
1263 1825 1462 1909 necessitate,

244 1933 279 1992 ut
300 1928 353 1993 vel
374 1948 445 1992 cum
467 1934 553 2004 recte
574 1929 769 2012 honesteque
790 1927 897 1994 facere
920 1929 1050 2012 vellent,
1074 1948 1146 1994 cum
1168 1935 1254 1994 recte
1278 1935 1309 1996 et
1330 1929 1463 1994 honeste

245 2031 410 2116 sentirent,
448 2032 539 2096 inviti
572 2053 707 2118 peccare
747 2039 942 2116 cogerentur.
1002 2033 1098 2117 plane
1136 2033 1328 2126 contrariam
1367 2033 1464 2116 igitur

143 2165 146 2168 ·
245 2135 391 2219 Euripidi
424 2135 585 2220 placuisse
613 2135 801 2201 sententiam
824 2135 1019 2218 Socraticae,
1048 2155 1136 2218 quae
1154 2156 1194 2201 ex
1216 2141 1302 2202 recte
1323 2156 1463 2220 praveve
1525 2135 1527 2139 ’

224 2239 414 2331 intellectis
447 2245 533 2304 recte
566 2260 707 2323 praveve
733 2239 819 2304 facta
845 2238 1025 2303 deduceret.
1050 2229 1172 2324 ,squam
1198 2245 1273 2324 apte
1302 2238 1464 2322 Euripidis

245 2340 448 2427 philosophia
473 2343 604 2408 moralis
632 2363 701 2408 cum
729 2341 865 2428 physica
893 2337 1089 2424 conveniat,¹
1106 2347 1179 2426 post
1206 2362 1245 2406 ea
1267 2360 1350 2423 quae
1369 2340 1463 2406 modo

247 2445 381 2529 exposui
395 2445 525 2512 dubium
539 2467 602 2512 non
618 2446 686 2512 1111.
726 2445 890 2512 Socratem
904 2445 1041 2529 primum
1055 2445 1137 2510 inter
1151 2444 1302 2510 mortales
1317 2443 1464 2510 docuisse

246 2549 345 2613 vitam
367 2549 495 2615 beatam
516 2570 579 2616 non
602 2569 673 2616 esse
695 2551 758 2616 nisi
779 2549 840 2614 viri
866 2554 952 2614 recte
974 2547 1119 2613 facientis
1141 2547 1161 2612 i.
1185 2567 1212 2614 e.
1235 2554 1321 2614 recte
1341 2548 1463 2614 intelle-

246 2653 348 2734 gentis
370 2653 423 2718 vel
443 2653 536 2737 pueri
557 2653 706 2737 clamant,
726 2674 790 2719 non
806 2653 904 2737 igitur
925 2651 1068 2731 dubium,
1090 2651 1166 2734 quin
1183 2651 1359 2718 inauditam
1381 2651 1465 2718 hanc

248 2755 435 2822 sententiam
456 2757 591 2842 scriptor
612 2757 746 2822 Pirithoi
765 2755 910 2844 (Critias,
934 2755 1108 2840 discipulus
1131 2754 1287 2843 Socratis)
1309 2754 1465 2840 significet

247 2859 322 2944 lgm.
348 2867 419 2925 601.

742 2953 799 3030 οὐκ
821 2957 1014 3050 ἀγυμνάστῳ
1035 2959 1128 3049 φρενὶ

533 3062 665 3154 ἔρριψεν
687 3061 778 3145 ὅστις
799 3064 885 3134 τόνδ’
905 3061 1065 3132 ’ἐκαίνισεν
1087 3063 1193 3152 λόγον,
1242 3143 1244 3148 ¹

533 3167 577 3248 ὡς
598 3173 703 3236 τοῖσιν
725 3163 761 3236 εὖ
784 3175 942 3258 φρονοῦσι
966 3173 1126 3254 συμμαχεῖ
1144 3167 1230 3258 τύχη.

248 3309 268 3372 i.
292 3329 319 3374 e.
351 3308 554 3392 proverbium
580 3309 682 3394 vulgi,
712 3308 812 3375 fortes
837 3307 964 3374 fortuna
989 3308 1091 3393 iuvat,
1122 3306 1251 3395 (Aesch.
1277 3307 1365 3374 Pers.
1396 3314 1468 3374 741.

250 3412 323 3478 Ε11.
351 3411 399 3476 El.
424 3419 466 3476 80
499 3412 572 3500 etc.)
610 3413 687 3478 scite
722 3412 889 3478 inmutavit
919 3411 1081 3478 Socrates:
1128 3411 1313 3496 „sapientes
1343 3411 1470 3478 fortuna

249 3515 368 3582 iuvat“.
413 3516 505 3581 omisi
525 3516 682 3581 vocabula
702 3511 720 3580 ὁ
740 3518 871 3601 πρῶτος
886 3509 990 3578 εἰπών
1005 3533 1088 3597 quae
1103 3533 1216 3580 versus
1231 3513 1471 3598 redintegrandi

251 3639 348 3686 causa
369 3617 502 3684 adfinxit
524 3619 681 3686 Stobaeus
703 3619 965 3704 interpolatorum
987 3617 1233 3683 sollertissimus.

337 3740 483 3825 Vestigia
508 3740 605 3825 igitur
631 3739 809 3805 etiamnunc
836 3738 1091 3805 animadvertere
1117 3737 1204 3822 licet,
1240 3737 1354 3820 quibus
1385 3739 1471 3803 acuti

253 3839 352 3910 critici
370 3845 530 3929 potuerint
556 3843 686 3928 adduci,
713 3850 748 3908 ut
769 3843 959 3927 Pirithoum,
985 3841 1122 3907 fortasse
1150 3841 1247 3906 etiam
1268 3840 1469 3906 Rhadaman·

252 3947 354 4032 thum,
382 3948 524 4032 spuriam
549 3947 712 4013 haberent.
761 3967 836 4012 num
854 3965 944 4012 -vero
972 3944 1180 4010 Alexandrini
1206 3944 1252 4009 111
1279 3944 1410 4010 subtiles
1435 3965 1470 4010 11

252 4052 499 4137 praestitemnt‘?
545 4051 681 4116 fortasse
708 4049 785 4116 alibi
810 4048 856 4136 (in
883 4049 1060 4133 comoedia,
1090 4049 1122 4112 in
1149 4047 1317 4134 Hesiodo),
1349 4068 1412 4114 non
1438 4048 1471 4112 111

252 4154 413 4238 Euripide.
462 4168 598 4236 namque
625 4154 765 4220 Rhesum
791 4151 893 4239 (cuius
925 4152 1021 4218 dictio
1048 4152 1147 4216 multo
1169 4151 1294 4233 longius
1317 4151 1358 4216 ab
1381 4151 1470 4216 Euri-

253 4257 328 4342 pide
351 4257 449 4324 distat
469 4278 565 4342 quam
586 4279 615 4322 v.
640 4279 665 4323 c.
688 4256 843 4323 Rhadam.
869 4264 946 4341 660,
970 4255 1056 4339 quod
1078 4275 1171 4320 nemo
1186 4274 1250 4319 non
1264 4254 1472 4340 Euripideum

252 4361 399 4446 haberet,
420 4361 482 4426 nisi
504 4367 590 4427 certo
612 4361 791 4428 testimonio
813 4360 948 4446 innisus)
971 4359 1120 4442 quoniam
1143 4358 1211 4424 eius
1226 4358 1364 4433 nominis
1382 4357 1471 4424 fabu·
1528 4357 1530 4362 ’

253 4463 318 4530 lam
343 4463 539 4531 didascalice
565 4464 723 4551 ferebant,
757 4465 916 4550 patienter
942 4465 971 4530 ei
998 4469 1084 4530 certe
1111 4462 1286 4530 tolerarunt
1311 4463 1471 4547 111111111-
