3626 5288
585 594 698 687 ἔπαιρε
720 599 831 667 λευκὸν
852 605 970 688 κρᾶτα,
992 601 1034 689 μή
1057 599 1242 732 δακρυρρόει

347 703 409 760 290
583 708 732 786 σεμναῖσι
754 705 895 793 Δηοῦς
880 701 1028 794 εσχάραις
1050 709 1224 834 παρημένη.

475 810 573 870 AI.
570 805 655 874 αίαῖ
700 813 773 876 ΘΗ.
796 809 836 876 τὰ
857 807 976 877 τούτων
995 812 1063 894 οὐχί
1086 813 1139 879 σοί
1162 812 1356 908 στενακτέον.

475 915 541 976 ΑΙ.
585 938 611 977 ω
599 904 784 1002 τλήμονες
804 919 955 1000 γυναῖκες.
1002 919 1077 982 ΘΗ.
1101 913 1136 984 οὐ
1160 917 1198 983 σὺ
1219 910 1355 983 τῶνδ’
1333 943 1417 1005 εφας.

474 1019 539 1081 ΑΙ.
584 1013 669 1083 εῖπω
690 1043 737 1100 τι,
759 1018 881 1100 τέκνον,
905 1018 958 1086 σοί
980 1045 1014 1086 τε
1037 1046 1092 1087 και
1082 1019 1207 1089 πόλει
1229 1021 1344 1103 καλόν,·

464 1119 536 1187 ΘΗ.
581 1116 625 1198 ὡς
646 1121 753 1187 πολλά
777 1127 803 1208 γ’
827 1123 898 1189 ε’στί
921 1117 1010 1190 κάπὸ
1034 1127 1174 1209 θηλειῶν
1198 1120 1294 1212 σοφά.

347 1225 408 1284 295
474 1227 539 1288 ΑΙ.
583 1220 650 1291 ἀλλ’
673 1223 720 1306 είς
742 1223 832 1293 ίίκνον
853 1253 910 1311 μοι
928 1233 1037 1311 μῦθος
1061 1220 1097 1294 ὃν
1119 1228 1226 1295 κεύθω
1248 1226 1346 1316 φέρει.

468 1327 541 1392 ΘΗ.
587 1325 717 1416 αἰσχρόν
740 1333 767 1415 χ’
791 1328 900 1412 ἔλεξας
919 1331 1026 1421 χρήστ’
1050 1331 1114 1420 ἔπη
1136 1328 1289 1417 κρύπτειν
1312 1329 1435 1421 φίλους.

474 1435 539 1496 ΑΙ.
585 1430 675 1498 ούτοι
699 1439 846 1501 σιωπῶσ’
870 1429 940 1502 εἶτα
962 1433 1139 1524 μέμφομαί
1159 1461 1241 1502 ποτε

583 1535 639 1622 τήν
662 1541 717 1602 νῖν
739 1539 866 1626 σιωπήν
887 1537 930 1618 ὡς
950 1536 1086 1629 ἐσιγήθη
1108 1544 1225 1621 κακῶς,

585 1632 649 1706 οὐδ’
673 1637 716 1720 ὡς
740 1639 863 1729 ἀχρεῖον
886 1642 944 1722 τάς
963 1649 1114 1728 γυναῖκας
1135 1637 1169 1710 εὖ
1192 1643 1294 1727 λέγειν

583 1742 706 1810 δείσασ’
729 1743 844 1835 ἀφήσω
863 1755 909 1834 τῷ
931 1744 1025 1835 φόβην
1046 1742 1164 1832 τούμὸν
1187 1742 1290 1816 καλόν.

585 1847 646 1932 ε’χώ
669 1850 706 1916 δέ
728 1853 772 1932 α’,
797 1845 924 1935 ὦπαῖ,
947 1858 1062 1940 πρῶτα
1082 1852 1140 1936 μὲν
1161 1851 1203 1918 τά
1222 1856 1286 1916 τῶν
1305 1854 1394 1917 θεῶν

553 2033 555 2036 ¹
585 1958 720 2020 σκοπεῖν
741 1951 857 2022 κελεύω
877 1956 920 2045 μή
941 1959 1067 2044 σφαλῇς
1088 1955 1265 2040 ἀτιμάσας·

586 2054 722 2145 σφάλλει
744 2059 804 2146 γάρ
826 2057 979 2147 ἐντούτῳ
999 2056 1086 2148 μόνῳ
1111 2057 1199 2126 τάλλ’
1220 2053 1254 2127 εὗ
1275 2062 1383 2147 φνονιῖ
1384 2086 1409 2127 ν.

585 2160 668 2248 πρὸς
686 2165 795 2229 τοῖσδε
818 2166 861 2244 δ’,
884 2162 912 2231 εί
935 2165 993 2248 μὲν
1015 2164 1059 2252 μή
1081 2157 1300 2248 άδικοομίνοις
1324 2166 1353 2228 σ’
1372 2163 1468 2252 ἐχρῆν

585 2267 725 2352 τιμωρὸν
748 2260 846 2348 εἶναι,
867 2264 954 2353 κάρτ’
974 2267 1011 2334 ῖίν
1032 2263 1116 2351 εἶχον
1137 2265 1274 2357 ἡσύχως·

551 2419 555 2426 .
584 2374 638 2438 νῖν
661 2374 688 2438 δ’
712 2364 794 2439 ἀλλὰ
815 2371 869 2439 σοί
888 2399 923 2439 τε
941 2379 1036 2440 τοῦτο
1059 2375 1136 2460 δρᾶν
1157 2372 1251 2460 τιμὴν
1271 2369 1370 2460 φέρει,

582 2473 680 2559 κάμοί
701 2483 871 2563 παραινεῖν
893 2471 927 2544 οῖ
950 2477 1053 2566 φόβον
1075 2477 1182 2564 φέρει,
1203 2476 1322 2556 τέκνον,

584 2576 699 2667 ίίνδρας
720 2579 847 2705 βιαίοης
867 2581 923 2647 καί
945 2579 1169 2668 κατείργοντας
1190 2577 1319 2664 νεκρούς

584 2680 690 2770 τάφον
712 2710 747 2751 τε
762 2684 879 2772 μοίρας
900 2685 956 2751 καὶ
978 2681 1195 2771 κτερισμάτων
1216 2687 1322 2808 λαχεῖν

583 2787 617 2866 ἐς
639 2782 767 2876 τήνδ’
746 2791 883 2878 ανάχκην
909 2794 949 2878 σή
968 2794 1168 2878 καταστῆσαι
1189 2785 1266 2872 χερί,

586 2890 705 2975 νόμιμα
726 2919 762 2959 τε
785 2893 893 2980 πάσης
913 2893 1101 2978 συγχέοντας
1118 2887 1270 2968 Ἑλλάδος

584 3001 727 3063 παῖσαι·
751 2995 788 3064 τὸ
808 2993 868 3081 χάρ
888 3022 940 3062 τοι
963 2997 1090 3078 συνέχον
1111 2988 1297 3080 ἀνθρώπων
1320 2995 1433 3072 πόλεις

583 3103 667 3166 τοῦτ’
690 3097 781 3180 ἔσθ’,
802 3097 879 3168 ὅταν
897 3125 947 3179 τις
969 3101 1043 3178 τοὺς
1064 3094 1179 3183 νόμους
1201 3094 1283 3186 σῴζῃ
1304 3099 1414 3177 καλῶς.

589 3203 654 3290 ἒρεῖ
675 3202 711 3270 δὲ
731 3200 769 3292 δή
789 3228 855 3286 τις,
878 3200 922 3282 ὡς
945 3201 1096 3294 ἀνανδρίᾳ
1114 3206 1223 3290 χερῶν,

585 3304 682 3374 πόλει
704 3304 810 3395 παρόν
833 3332 886 3376 σοι
909 3306 1067 3396 στέφανον
1089 3305 1234 3386 εὐκλείας
1253 3309 1386 3392 λαβεῖν,

585 3410 697 3490 δείσας
718 3411 877 3500 ἀπέστης,
904 3411 957 3478 καί
982 3410 1057 3489 σοὸς
1076 3409 1134 3494 μὲν
1153 3404 1262 3497 άγρίον

366 3619 420 3672 290
455 3621 613 3686 αἰσχατιαῐς
631 3625 666 3670 Φ.
702 3634 768 3672 corr.
788 3616 896 3671 Canter.

363 3704 415 3757 291
453 3705 530 3755 αἲιαῖ
551 3710 585 3757 Φ.

363 3789 416 3844 296
452 3787 629 3861 ἐπικρύπτειν
648 3796 684 3842 Φ.
720 3805 786 3842 corr.
804 3788 960 3841 Ηεικααππ.

452 3878 546 3945 φίλοις
566 3883 601 3930 Φ.
637 3875 840 3929 0011.me8.

363 3962 414 4017 301
450 3960 504 4030 ἐγώ
523 3963 553 4016 δὲ
572 3968 607 4015 Φ.
642 3962 730 4029 ἔγωγε
749 3958 873 4030 ‹p=c2.

362 4047 416 4103 303
453 4044 609 4154 σφάληςφ
611 4087 616 4099 .
654 4046 783 4115 σφάληη
802 4045 957 4112 φαίνονται
976 4044 1068 4098 voluit.

362 4134 417 4188 304
452 4133 477 4185 τ’
497 4149 547 4186 om
567 4129 869 4197 Φ.οι1(1.Κτ“ταΙιΙιοή’.
953 4171 955 4176 .
1080 4141 1084 4148 ’

362 4220 415 4275 305
452 4205 589 4288 τολμηρὸν
608 4223 642 4270 Φ.
679 4231 744 4269 corr
765 4214 916 4282 Κννοίιίιιιῄ’Ι

362 4307 415 4361 306
450 4308 513 4358 νυνὶ
531 4305 562 4358 δὲ
577 4307 625 4356 σοί
641 4319 670 4354 τε
687 4307 766 4353 τοῦτο
784 4299 833 4367 τὴν
850 4301 942 4372 τιμην.
979 4316 1044 4354 corr.
1068 4300 1109 4352 W.
1146 4301 1216 4370 δρᾶν
1234 4301 1291 4356 Ιοοο
1304 4304 1458 4376 ceteroquin
1472 4304 1555 4358 aliter

450 4389 623 4444 constituto'
615 4388 753 4440 mvenerat
741 4385 920 4440 λΗείωεὸελ

361 4479 415 4532 310
449 4480 617 4540 καταστῆναι
638 4479 673 4526 Φ.
710 4488 775 4524 corr.
794 4470 900 4524 Βιίείτε.

361 4565 414 4620 312
433 4579 473 4638 sq.
510 4560 640 4617 Stobaeus
658 4559 701 4614 43,
719 4559 760 4611 29.
797 4557 843 4634 qui
860 4556 891 4608 τὸ
909 4559 961 4626 μὲν
978 4553 1040 4637 γὰρ.
