3666 5296
854 362 891 418 Π.
909 363 934 420 5.
1446 365 1498 423 185

291 535 355 604 alia
375 555 427 602 res
449 534 511 622 est)
530 536 564 602 in
584 537 760 605 nominibus
780 557 987 623 personarum
1000 538 1198 623 proferendis
1216 537 1386 606 admodum
1400 538 1499 606 fuisse

290 659 414 724 paroos.
459 641 616 708 saliebant
647 643 730 708 enim
755 648 870 709 natura
895 641 975 710 duee
1001 643 1198 710 verissimam
1225 644 1303 710 artis
1333 645 1450 728 legem,
1479 665 1500 710 a

291 763 354 826 qua
374 745 565 812 recentiores
586 747 705 830 ingenti
727 766 797 812 oum
819 745 935 813 damno
957 747 1034 814 artis
1056 747 1252 832 (temserunt,
1275 769 1404 834 operam
1424 768 1498 833 poe-

291 853 343 914 tae
361 849 541 916 navandam
562 870 647 935 esse,
670 858 704 917 ιιι
725 871 847 936 paneae
869 858 990 917 tantum
1004 872 1161 936 personae
1174 851 1362 919 induoantnr
1377 859 1499 920 remota

290 953 374 1018 omni
402 973 641 1038 supervacanea
665 956 771 1040 turba,
799 955 929 1022 secundi
956 977 1033 1022 vero
1055 956 1174 1023 ordinis
1195 977 1351 1042 personae
1371 956 1499 1024 nomine

290 1063 374 1122 oerte
394 1065 531 1124 oareant.
575 1060 695 1126 seilioet
717 1059 759 1126 ad
783 1081 930 1128 resuere
951 1081 1067 1145 graves
1087 1067 1353 1146 speetatorum'et
1367 1061 1497 1126 auribus

290 1167 322 1226 et
343 1162 497 1229 memoria
516 1184 596 1248 opus
619 1170 675 1230 est.
718 1184 800 1246 quae
821 1165 874 1232 lex
889 1171 1019 1232 eatenus
1033 1166 1180 1250 invaluit,
1202 1171 1237 1230 ut
1253 1165 1391 1232 nutrioes
1405 1185 1495 1249 prae-

289 1285 383 1332 eones
398 1267 511 1352 nuntii,
533 1275 680 1352 pastores
694 1269 868 1352 piseatores
884 1270 981 1353 servi,
1002 1275 1115 1336 euneta
1129 1269 1170 1336 de
1184 1269 1277 1354 plebe
1291 1269 1385 1334 turba
1398 1269 1495 1336 nomi-

288 1369 381 1436 nibus
402 1371 435 1436 in
456 1372 622 1456 tragoedia
643 1380 796 1438 oarerent.
833 1393 915 1456 quae
946 1375 998 1440 lex
1018 1394 1057 1440 eo
1077 1395 1139 1440 non
1161 1373 1297 1439 violatur
1317 1371 1403 1456 quod
1423 1372 1496 1438 Tal-

286 1473 389 1558 thybii
420 1475 545 1542 nomine
565 1475 734 1561 Euripides
764 1477 797 1542 in
826 1478 958 1544 Heeubo
990 1484 1022 1543 et
1051 1475 1229 1543 Troadibus
1259 1497 1336 1544 usus
1363 1481 1426 1542 est:
1455 1496 1495 1542 ex

287 1577 425 1644 Homero
448 1581 530 1646 enim
551 1581 634 1648 istuo
652 1582 704 1646 vel
723 1581 815 1666 pueri
829 1583 987 1666 eognitum
1001 1582 1174 1664 habebant;
1195 1580 1372 1666 Aesohylus
1387 1587 1493 1646 tamen

288 1703 325 1749 eo
347 1683 513 1769 abstinuit,
538 1691 574 1750 ut
597 1685 724 1752 omnino
750 1685 939 1752 rudiuseulis
960 1687 1054 1752 eliam
1080 1693 1155 1752 tuno
1174 1685 1411 1752 Atheniensium
1430 1684 1495 1750 ani·

287 1787 346 1853 mis
365 1789 437 1872 plus
458 1807 552 1872 quarn
575 1790 672 1856 oeteri
693 1791 842 1875 peperoit.
886 1797 922 1856 ut
944 1791 1049 1875 plebei
1073 1790 1120 1854 ita
1140 1789 1232 1874 pueri
1251 1789 1333 1872 siqui
1354 1789 1388 1852 in
1408 1807 1494 1854 seae-

286 1913 360 1958 nam
385 1892 515 1958 veniunt
541 1895 593 1960 vel
615 1894 671 1960 nbi
696 1895 839 1961 loountur
865 1893 964 1981 (quod
985 1914 1067 1960 unus
1088 1892 1257 1978 Euripides
1284 1892 1495 1959 miserationis

287 1995 391 2062 studio
411 1996 552 2084 admisit)
580 1999 706 2064 nomine
740 2004 861 2084 oarent,
891 1997 976 2082 quod
995 2005 1166 2084 propterea
1182 1997 1417 2063 memorabilius
1438 2003 1495 2080 est,

287 2100 371 2184 quod
394 2101 509 2186 partim
528 2103 706 2170 nominibus
732 2102 902 2168 admodum
923 2103 1006 2169 notis
1020 2103 1182 2187 utebatur,
1210 2101 1349 2168 velutin
1371 2099 1495 2184 Oedipo

287 2225 362 2288 rege
387 2205 546 2292 Antigone
579 2213 611 2272 et
632 2207 757 2274 Ismene
782 2208 816 2271 in
840 2206 1065 2282 Andromaoba
1089 2205 1248 2272 Molossus
1278 2203 1495 2270 inAloestide

286 2309 444 2376 Eumelus.
456 2309 482 2397 ⁷)
534 2309 730 2397 Eurysaoem
764 2332 828 2378 non
852 2310 1035 2396 {nominaret
1062 2310 1236 2376 Teomessa
1261 2308 1310 2374 Ai.
1339 2314 1402 2372 340
1433 2307 1495 2373 nisi

182 2497 185 2502 Ι
285 2413 356 2498 ipso
382 2414 509 2481 nomine
534 2415 582 2480 uti
610 2415 772 2482 debuisset
799 2415 882 2480 Aiax
905 2419 977 2480 575.
1023 2414 1158 2496 denique
1178 2432 1311 2496 quorum
1331 2412 1364 2476 in
1385 2432 1494 2477 narra-
1589 2427 1594 2437 ·

286 2518 421 2586 tionibus
455 2526 577 2586 tantum
608 2521 724 2586 mentio
756 2521 792 2586 fit
832 2520 993 2586 hominum
1029 2507 1186 2606 persaepe
1216 2524 1338 2584 taoetur
1369 2535 1493 2584 nomen.

286 2625 430 2708 quotiens
451 2632 571 2692 matres
591 2625 739 2692 invocant
760 2625 888 2711 heroes,
912 2631 1010 2708 quota
1032 2643 1176 2707 quaeque
1198 2622 1390 2688 nominatur:
1417 2620 1494 2704 quid

285 2729 370 2814 quod
389 2730 554 2816 Hippolyti
571 2737 672 2796 mater
692 2731 875 2816 simpliciter
896 2726 915 2818 ἡ
935 2724 1062 2813 ἀμάζων
1084 2735 1145 2814 est,
1167 2729 1220 2794 vel
1233 2727 1289 2794 ubi
1301 2725 1494 2812 Hippolytus

285 2834 386 2902 solam
399 2853 459 2920 per
476 2841 609 2900 matrem
628 2834 828 2919 significatur.
860 2856 924 2900 non
938 2855 1020 2920 nego
1033 2833 1122 2900 haud
1134 2854 1207 2900 raro
1221 2831 1338 2898 fabulis
1353 2851 1417 2896 nou
1430 2837 1493 2896 tra-

284 2937 352 3004 dita
364 2939 463 3006 tuisse
476 2939 605 3004 nomina
619 2937 824 3025 (quamquam
835 2940 1042 3023 genealogica
1051 2939 1163 3024 ‘poesis
1179 2939 1226 3005 eis
1237 2956 1338 3020 usque
1349 2934 1392 3002 ad
1405 2934 1492 3002 fasti-

285 3043 371 3108 dium
402 3043 519 3108 referta
550 3042 611 3130 est)
641 3044 780 3128 tragieos
811 3047 916 3109 autem
948 3044 1068 3129 fingere
1090 3043 1229 3110 noluisse
1256 3060 1390 3125 quorum
1415 3058 1492 3106 usus

284 3148 388 3212 nullus
414 3153 511 3213 esset:
538 3147 592 3212 vix
619 3148 721 3215 rarius
746 3149 870 3214 inutilia
895 3150 1037 3215 oonsulto
1061 3147 1233 3232 tirgiebant.
1280 3146 1375 3230 longe
1401 3143 1494 3213 aliter

283 3250 403 3336 posteri
423 3270 561 3317 sensere.
606 3251 670 3318 iam
691 3252 927 3320 Alexandrinae
949 3253 1131 3335 aetatique
1153 3248 1345 3328 reeonditius
1368 3269 1406 3314 eo
1421 3268 1491 3332 gra

283 3355 345 3420 tius
368 3360 437 3420 erat
453 3374 576 3423 nomen.
620 3358 706 3422 venit
725 3364 828 3443 aetas,
852 3377 934 3440 quae
953 3356 1086 3422 thillis
1103 3356 1186 3421 inter
1206 3353 1346 3438 virgines
1368 3371 1492 3438 nomeu,

284 3478 365 3542 quae
391 3459 543 3526 Hecubae
571 3466 704 3526 matrem
730 3467 907 3544 quaereret.
956 3461 1058 3527 simile
1084 3458 1222 3528 studium
1244 3459 1278 3524 in
1298 3457 1492 3541 argumentis

283 3568 458 3646 spectatum
484 3562 650 3650 Hippolyti
675 3572 776 3630 mater
798 3565 974 3650 Hippolyta
998 3565 1051 3630 vel
1072 3564 1210 3648 Antiopa
1229 3562 1330 3646 audit,
1359 3559 1492 3626 Medeae

228 3712 230 3717 -
283 3667 339 3732 tilii
353 3667 528 3734 Mermerus
544 3686 583 3734 ae
596 3667 729 3753 Pheres,
749 3668 988 3734 introducuntur
1002 3667 1159 3734 Molossos
1174 3667 1324 3733 Eumelus
1340 3665 1490 3750 Gopreus.

285 3769 397 3855 quodsi
422 3771 487 3838 iam
514 3772 584 3855 quis
606 3779 790 3856 argumento
812 3773 971 3858 utebatur,
1003 3771 1108 3858 ips'um
1132 3770 1316 3856 Euripidem
1334 3769 1492 3838 exeitabat

370 3995 397 4064 7)
416 3995 507 4050 Sentit
526 3994 609 4049 leotor
637 4009 680 4048 me
700 3993 745 4048 hio
765 3994 815 4049 Ed.
833 3994 933 4049 Hilleri
955 3994 1035 4049 doote
1052 4010 1083 4048 ao
1098 3993 1226 4064 diligenti
1243 3991 1432 4048 dissertatione
1448 3990 1491 4044 uti

282 4082 383 4151 (Herm.
398 4081 473 4136 VIII.
484 4081 549 4150 442)
560 4081 601 4136 ita
609 4083 700 4136 tamen
711 4083 744 4134 ut
758 4097 826 4151 quae
835 4081 883 4136 ille
896 4084 969 4136 reete
978 4081 1130 4136 observarit
1143 4080 1178 4136 ad
1189 4096 1282 4136 sauses
1293 4096 1356 4134 suas
1368 4075 1489 4132 reseram.

282 4167 410 4224 Eumelus
428 4183 490 4222 eum
507 4167 624 4238 ingerat.
660 4167 693 4222 de
711 4167 829 4222 Materia
846 4168 995 4223 reotissime
1007 4167 1150 4234 iudicavit3
1169 4167 1286 4223 debebat
1301 4168 1391 4220 autem
1404 4164 1490 4218 levem

282 4255 396 4310 Useneri
414 4270 530 4310 errorem
547 4255 688 4324 corrigere.
723 4271 786 4309 nam
804 4272 857 4311 non
878 4255 982 4309 Iolaum
1002 4271 1061 4310 eam
1079 4255 1234 4310 adlocutum
1252 4267 1310 4309 esse
1323 4251 1370 4306 sed
1381 4251 1490 4312 eborum

281 4342 366 4411 ipsius
384 4343 467 4398 verbs
484 4341 631 4397 ostendunt
647 4342 707 4397 474.

559 4429 644 4494 ξένοι,
664 4429 769 4502 θράσος
785 4448 835 4499 μοι
852 4429 942 4500 μηδὲν
960 4427 1064 4490 ἐξόδοις
1082 4428 1162 4500 ἐμαῖς

495 4561 502 4570 .
560 4519 709 4589 προσθῆτε.
