3666 5296
340 401 394 460 aet
897 405 949 464 111.
967 407 993 464 7.

342 575 404 642 etsi
436 575 564 646 rhetore
595 579 701 666 potius
732 599 828 672 quam
860 581 982 666 λεεςίεα
1013 579 1144 667 dignum
1168 581 1304 649 orationi
1331 601 1391 668 per
1412 601 1552 650 summas

342 680 518 750 animorum
539 685 792 770 perturbationes
814 687 991 756 concitatae
1014 688 1141 754 aculcos
1155 687 1307 756 inserere.
1345 685 1405 754 sed
1423 687 1553 754 nimium

317 807 319 812 ·
341 793 493 869 quantum
519 789 614 875 friget
635 792 723 859 lusus
730 842 740 878 ‚
766 793 828 860 nisi
850 792 1003 878 Megarae
1025 792 1202 879 praecessit
1219 791 1351 878 dicmm,
1373 792 1460 875 quod
1479 791 1553 856 Arn-

341 891 469 980 plritryo
496 901 633 982 spectat,
662 917 734 964 cum
758 897 940 966 incredulus
966 897 1104 968 sortasse
1125 899 1253 986 umbras
1275 917 1317 964 ex
1337 903 1430 965 nocte
1452 916 1554 964 resur-

340 1015 418 1080 gere
450 997 535 1066 dicit
587 1002 741 1072 conclusit
769 1009 877 1072 autem
897 1003 1032 1094 Megara
1059 1003 1206 1072 Herculis
1238 1002 1471 1070 invocationem
1503 1001 1554 1072 his

340 1101 447 1172 verbis

558 1187 689 1281 ἀρηξσν,
713 1191 794 1262 ε’λθέ
813 1191 872 1261 Ικαὶ
893 1189 989 1273 σκιά,
1012 1190 1142 1282 φάνηθί
1162 1217 1220 1278 μοι

449 1301 514 1362 495
558 1293 631 1377 ἅλις
650 1297 712 1387 γὰρ
734 1296 842 1367 ε’λθών
865 1298 979 1369 ἱκανὸν
1001 1295 1042 1366 ἀν
1064 1297 1171 1385 γένοιο
1194 1293 1243 1382 σύ,

558 1400 654 1468 κακοὶ
675 1401 735 1492 γὰρ
758 1400 806 1484 εἰς
829 1403 868 1473 σέ
888 1407 916 1492 μ’
939 1401 972 1472 oi
993 1401 1091 1471 τέκνα
1112 1398 1267 1469 κσάνονσι
1289 1397 1340 1468 σά.

340 1503 387 1569 ita
408 1503 526 1592 codex,
558 1507 618 1574 sed
641 1513 704 1574 496
738 1505 785 1590 εἰς
814 1507 853 1577 σέ
881 1513 909 1596 γ’
940 1509 1123 1604 asecunda
1149 1529 1246 1576 manu
1274 1509 1308 1576 in
1329 1528 1451 1576 rasura
1494 1529 1553 1575 nec

341 1606 484 1677 dolemus
505 1613 677 1696 genuinum
697 1616 834 1702 periisse
856 1617 890 1684 in
907 1637 1004 1684 versu
1025 1621 1136 1704 aperte
1157 1615 1264 1701 spurio
1280 1634 1373 1698 quern
1387 1613 1552 1680 Nauckius

341 1713 479 1801 sustulit,
510 1719 631 1786 cautior
653 1740 749 1804 quam
770 1721 1006 1790 Hervverdenus
1028 1722 1173 1806 quicum
1194 1739 1314 1806 paucas
1337 1718 1551 1804 interpolatio-

340 1838 399 1884 nes
435 1821 469 1886 in
502 1821 640 1893 Hercule
677 1832 763 1894 recte
797 1828 999 1896 observasset
1031 1848 1102 1894 cum
1134 1827 1198 1893 alia
1224 1825 1359 1892 removit
1384 1824 1554 1892 sanissima

340 1927 408 1990 turn
430 1931 511 2013 495,
540 1949 603 2012 quo
629 1952 671 1998 ne
698 1933 799 2000 oratio
820 1934 937 2000 misere
958 1933 1165 2018 abrumpatur
1187 1950 1268 2016 opus
1291 1936 1349 1997 est.
1394 1935 1552 2015 corrupte-

340 2028 406 2095 lam
426 2033 627 2101 manifestam
648 2037 901 2122 ingeniosissime
924 2039 1035 2105 tollere
1062 2036 1229 2124 temptavit
1252 2034 1402 2102 Reiskius
1423 2029 1494 2111 ἅλις
1519 2035 1553 2100 in

211 2219 213 2232 Ι
342 2125 442 2220 ἀλκαρ
464 2143 592 2207 mutato.
632 2147 666 2207 at
689 2141 730 2208 de
750 2142 816 2208 vivi
829 2139 980 2210 Herculis
1003 2142 1106 2209 reditu
1129 2139 1314 2226 desperavit
1335 2138 1481 2224 Megara,
1502 2145 1552 2204 ter

344 2255 417 2304 eum
439 2239 599 2310 invocavit
620 2237 793 2331 tamquam
804 2253 971 2314 mortuum.
1007 2245 1165 2314 iubendus
1179 2251 1229 2312 est
1243 2245 1296 2311 vel
1308 2244 1422 2310 umbra
1435 2243 1553 2328 venire,

340 2361 414 2408 narn
436 2345 511 2412 licet
531 2349 644 2416 umbra
665 2353 773 2418 veniat
794 2352 838 2418 ad
860 2353 995 2419 salutem
1018 2371 1146 2418 suorum
1167 2349 1373 2416 suffecturum
1395 2367 1475 2415 esse.
1514 2367 1553 2414 ac

340 2449 469 2533 respicit
490 2451 550 2518 hoe
570 2453 654 2521 infra
675 2456 864 2544 Amphitryo
885 2458 955 2522 vide
975 2477 1020 2521 aa
1041 2455 1155 2522 ambra
1176 2454 1334 2536 κλύσμασι
1355 2451 1522 2520 invocasti.

340 2548 466 2620 iuerat
487 2555 620 2642 Megara
641 2555 713 2638 ἀλις
733 2559 792 2646 γὰρ
815 2559 922 2626 ἐλθών
943 2557 1006 2626 κάν
1026 2554 1105 2646 deep
1127 2555 1232 2643 γένοιο
1253 2549 1300 2624 σύ.

426 2675 533 2744 Etiam
554 2681 691 2765 proximi
711 2703 824 2750 versus
843 2681 1045 2750 describendi
1065 2685 1147 2748 sunt.
1268 2716 1272 2725 ·

391 2784 515 2848 AMo.
561 2783 600 2850 σὺ
619 2783 678 2868 μέν
698 2767 739 2852 ἀὰ
761 2785 877 2874 νέρθεν
900 2777 1038 2874 εὐτρεπῆ
1059 2786 1174 2866 ποιοῦ,
1197 2781 1303 2868 γύναι·

292 2901 295 2908 “
559 2888 620 2975 ε’γώ
641 2890 679 2958 δέ
701 2893 746 2974 σ’,
768 2883 794 2956 ὦ
817 2897 897 2972 Ζεῦ,
918 2893 995 2978 χεῖρ’
1018 2887 1053 2968 ές
1076 2884 1210 2974 οὐρανὸν
1232 2885 1334 2954 doxain

535 3025 538 3032 ’
559 2987 662 3078 adca,
683 2993 842 3062 τέκνοισιν
864 2991 949 3062 εἴτι
969 2989 1086 3062 τοισίδ’
1112 2988 1248 3081 ἀφελεῖν

451 3101 515 3164 500
556 3097 698 3182 μέλλεις,
723 3091 871 3184 ἀμύνειν,
896 3095 941 3178 ὡς
961 3098 1030 3182 τάχ’
1050 3091 1141 3166 οὐδέν
1162 3092 1327 3188 ἀρκέσεις·

558 3199 666 3270 καίτοι
687 3202 838 3294 κέκλησαι
858 3197 1031 3282 πολλάκις,
1053 3197 1157 3291 μάτην
1179 3205 1283 3283 πονῶ,

558 3311 674 3376 θανεῖν
696 3308 773 3398 μάρ,
803 3305 847 3389 ὡς
869 3305 962 3391 ἔοικ’,
985 3303 1166 3394 ἀναγκαίως
1189 3301 1263 3388 ἔθει.

559 3403 629 3480 ἀλλ’
650 3407 677 3480 ὦ
699 3414 847 3501 γέροντες
867 3409 932 3483 aad.

340 3523 475 3601 possunt
506 3518 586 3587 haec
618 3520 761 3607 intellegi
790 3527 823 3588 et
855 3518 1066 3588 defendentur
1091 3539 1112 3585 a
1140 3517 1311 3604 plerisque.
1357 3521 1555 3584 tamennon

341 3619 475 3688 deerunt
504 3625 559 3707 qui
580 3645 703 3692 mecum
725 3626 863 3696 sentiant
884 3631 948 3692 nou
969 3624 1051 3690 bene
1072 3643 1108 3691 se
1129 3623 1249 3689 habere
1270 3643 1301 3687 v.
1325 3625 1388 3686 502
1412 3641 1508 3704 saepe
1525 3627 1555 3688 te

339 3723 468 3805 frastra
496 3729 657 3810 iaoocaoa';
684 3731 955 3815 frustratorem,
982 3749 1060 3794 aava
1084 3727 1284 3793 morandum
1305 3731 1359 3792 est.
1404 3725 1555 3810 ponenda

341 3835 411 3895 erat
445 3852 508 3898 non
531 3835 695 3901 causativa
711 3829 782 3902 'sed
810 3833 1014 3902 consecutiva
1034 3831 1204 3919 particula,
1239 3835 1295 3896 aut
1317 3829 1410 3895 aliter
1431 3831 1553 3897 confor-

255 4016 257 4020 .
339 3933 458 4000 manda
479 3938 594 4023 oratio,
618 3939 717 4005 veluti
738 3940 771 4004 in
793 3938 877 4004 hunc
897 3937 1027 4005 modum
1041 3957 1119 4002 νσιιι
1134 3957 1200 4002 aaa
1217 3954 1316 4002 caras
1330 3940 1457 4017 nepotes
1473 3941 1553 4002 taos.

339 4039 456 4106 rectius
477 4041 573 4107 etiam
593 4042 707 4109 dicitur
728 4049 801 4128 post
821 4035 931 4125 κόμμα
953 4041 1033 4108 illud
1054 4035 1161 4128 priapo
1175 4040 1265 4104 πονῶ
1279 4039 1358 4104 nihil
1372 4044 1448 4124 apte
1463 4041 1555 4124 sequi

339 4142 401 4208 nisi
421 4137 488 4210 ἀλλ’
520 4138 548 4209 ὦ
576 4143 729 4232 μέροπες.
774 4153 884 4214 contra
904 4144 1071 4231 Megaram
1092 4145 1174 4210 mira
1196 4143 1351 4210 brevitate
1373 4143 1554 4228 adloquitur
1614 4143 1618 4151 “

339 4245 536 4337 Amphitryo.
580 4252 688 4336 itaque
708 4251 789 4318 haec
809 4251 916 4337 potius
938 4251 979 4317 ab
1000 4247 1153 4336 Euripide
1175 4248 1319 4334 prosecta
1338 4267 1411 4318 esse
1433 4248 1529 4319 credo

557 4353 596 4421 σὺ
618 4353 676 4439 μέν
696 4353 738 4420 τὰ
758 4353 877 4440 νέρθεν
900 4349 1038 4444 εὐτρεπῆ
1062 4357 1175 4434 ποιοῦ,
1198 4347 1297 4436 γύναι,
1320 4432 1325 4436 ι
1390 4431 1395 4446 Ι

554 4457 670 4526 θανεῖν
691 4453 763 4548 γάρ,
787 4455 833 4538 ὡς
855 4453 949 4540 ἔοικ’,
974 4451 1156 4546 ἀναγκαίως
1178 4453 1255 4538 ἔχει·

557 4561 618 4650 έμώ
638 4561 675 4630 δέ
693 4565 738 4647 σ’,
763 4556 789 4630 ἀ
812 4568 876 4632 Ζεῦ
900 4558 965 4631 aad.
