3666 5296
357 403 411 460 aas
746 469 751 478 .
912 383 964 458 111.
982 407 1009 460 e.

358 597 443 662 esse,
470 577 607 660 fecitque
633 574 831 644 Casandram
852 577 1064 662 praesentem,
1091 598 1127 644 se
1148 578 1295 660 quamvis
1315 577 1460 644 insanam
1482 577 1571 663 panl-

356 683 455 748 lulum
484 677 546 759 ἔξω
572 677 798 764 βακχευμάτων
825 682 1001 748 loeuturam
1029 703 1109 748 esse.
1154 682 1240 765 quod
1268 683 1399 766 egregie
1420 682 1569 768 perfecit:

356 786 435 852 nihil
456 786 518 851 nisi
538 776 780 871 deportavere
802 787 940 870 protulit.

946 1237 975 1295 6.

444 1366 670 1452 interpolator,
693 1367 784 1432 ouius
803 1365 934 1434 fraudes
957 1367 1050 1433 tertio
1073 1368 1166 1434 huius
1188 1369 1261 1434 libri
1284 1369 1388 1454 eapite
1410 1367 1569 1452 perseeuti

357 1494 477 1558 sumus,
511 1472 670 1558 Cyelopi
702 1492 800 1536 unum
830 1492 958 1538 versum
993 1479 1055 1536 202
1088 1473 1210 1558 ineptia
1242 1474 1400 1557 insignem
1434 1473 1568 1538 intrusit.

357 1579 474 1646 corruit
498 1578 595 1661 igitur
623 1597 707 1660 quae
733 1576 838 1642 adhue
864 1577 951 1662 apud
973 1578 1118 1644 homines
1141 1579 1264 1645 sobrios
1286 1580 1431 1644 valuerat
1453 1579 1569 1662 opinio,

357 1704 428 1751 esse
450 1681 612 1766 Euripidis
633 1681 774 1746 fabulam
796 1682 975 1766 Byzantina
995 1683 1238 1768 interpolatione
1259 1684 1440 1749 immunem.
1486 1702 1569 1767 quae

355 1791 389 1854 in
410 1809 473 1853 uno
495 1785 710 1851 additamento
732 1806 796 1851 non
818 1786 971 1870 substitit;
994 1787 1053 1852 sed
1074 1785 1109 1852 id
1123 1787 1201 1852 mihi
1216 1807 1341 1870 quoque
1358 1788 1570 1853 certissimum

357 1899 407 1959 est
439 1893 569 1974 antiqua
600 1891 860 1975 interpolatorum
894 1890 988 1956 sorde
1017 1911 1081 1956 non
1111 1911 1183 1958 esse
1210 1891 1360 1958 infectam
1382 1891 1569 1977 Cyclopem:

357 1996 495 2064 delenda
516 2001 590 2062 sunt
610 1993 818 2080 paucissima,
840 1995 961 2060 utinam
979 2015 1020 2060 ne
1042 2002 1132 2061 tanta
1154 2003 1262 2062 essent
1280 1995 1465 2082 supplenda

443 2119 494 2185 De
516 2117 614 2183 Troia
642 2121 737 2200 oapta
758 2116 945 2200 Helenaque
974 2123 1163 2203 recuperata
1191 2117 1365 2204 ooryphaei
1395 2116 1475 2182 haee
1497 2121 1571 2184 sunt

358 2224 457 2290 verba
474 2221 681 2288 festivissima
702 2221 844 2302 nequitia
865 2221 1004 2304 insignia
1373 2207 1376 2212 ¹

619 2337 731 2407 oiiaow
753 2337 867 2428 ἐπειδὴ
890 2340 947 2430 τὴν
968 2346 1073 2407 νεάνιν
1095 2343 1205 2422 εἵλετε,

511 2453 573 2513 180
618 2442 759 2523 ἅπαντες
779 2436 876 2534 αὐτὴν
897 2444 1117 2534 διεκροτήσαά
1138 2444 1172 2510 ἐν
1194 2445 1293 2534 με’ρει,

617 2547 674 2638 τὴν
698 2543 873 2634 πρόδοτον,
897 2540 1010 2638 ἣτούς
1031 2543 1197 2628 θυλάκους
1218 2548 1295 2628 τοὺς
1316 2545 1486 2625 ποικίλους

618 2652 698 2740 περὶ
718 2655 786 2719 τοῖν
810 2654 936 2719 σκελοῖν
958 2650 1073 2720 ἰδοῦσα
1096 2653 1152 2720 καὶ
1173 2651 1228 2720 τὸν
1249 2649 1381 2741 χρύσεον

615 2757 719 2845 κλοιὸν
739 2766 899 2846 φοροῦντα
918 2757 996 2846 περὶ
1017 2757 1117 2842 μέσον
1138 2756 1195 2826 τὸν
1217 2749 1331 2840 αὐχένα

511 2871 572 2930 185
619 2860 805 2952 ἕξειικοήθη
818 2862 844 2952 ¹)

445 3107 472 3173 1)
500 3103 577 3158 Siout
593 3101 643 3154 hoe
660 3100 719 3154 loeo
736 3099 777 3154 ita
797 3099 905 3168 saepius
923 3101 952 3154 in
969 3101 1067 3155 Paride
1086 3103 1207 3158 Helenae
1223 3103 1330 3171 hospite
1347 3102 1468 3156 Asiatica
1486 3099 1570 3156 restis

358 3192 529 3252 desumitur,
556 3187 656 3255 canpe
678 3186 769 3240 eines
790 3191 816 3239 et
836 3201 939 3240 moute
958 3187 1075 3242 vestibus
1095 3189 1220 3253 ν’νιλλικια,
1247 3193 1438 3258 speetatmque
1456 3189 1522 3242 talis
1540 3188 1570 3242 in

356 3279 525 3336 vasculorum
550 3271 779 3344 splendidissimis
805 3273 931 3342 picturis,
959 3273 1003 3340 (ef.
1033 3275 1155 3330 Perizon.
1183 3275 1218 3330 ed
1241 3277 1300 3330 Ael.
1324 3277 1356 3330 V.
1379 3278 1415 3330 H.
1440 3275 1501 3330 VH.
1526 3277 1569 3330 32.

355 3367 482 3436 Bbttiger
505 3363 542 3416 ld.
566 3360 634 3414 sehr.
663 3359 700 3414 II.
718 3359 791 3429 259.)
822 3359 894 3428 apud
922 3360 1079 3430 Euripidem
1109 3361 1206 3416 Troad.
1229 3363 1281 3417 991
1311 3362 1422 3416 Hecube
1451 3363 1570 3416 Helenae

357 3449 499 3522 expromt
599 3516 633 3571 ὃν
650 3515 798 3585 (Paridem)
819 3517 966 3570 εἰσιδοῦσα
984 3516 1134 3592 βαρβάροις
1150 3518 1294 3591 ἐσθήμασι

595 3608 693 3678 χρυσῷ
711 3621 741 3658 τε
760 3602 895 3678 λαμπρὸν
912 3601 1107 3678 ἐξεμαργώθης
1125 3609 1237 3679 φρένας,

357 3715 385 3766 et
398 3710 487 3780 Iphig.
506 3707 568 3764 Aul.
586 3707 620 3764 73
639 3707 716 3762 Paris
734 3705 833 3762 dieitur
851 3707 972 3782 ἀνθηρὸς
990 3709 1043 3779 μὲν
1060 3708 1183 3779 εἱμάτων
1202 3713 1287 3784 στολῇ

646 3814 747 3884 χρυσῷ
764 3827 794 3862 τε
812 3807 941 3886 λαμπρὸς
958 3811 1089 3886 βαρβάρῳ
1102 3809 1268 3884 χλιδήματι.

355 3917 415 3972 fieri
438 3916 534 3986 nequit
556 3915 622 3985 quin
646 3914 821 3970 haecomnia
845 3913 991 3994 adloertos
1011 3915 1171 3986 Cypriorum
1194 3933 1287 3972 verena
1306 3917 1434 3982 redeant,
1462 3917 1570 3972 etiamsi

354 4003 444 4060 Proeli
463 4004 654 4072 argumentum
673 4000 742 4054 nihil
758 4000 832 4054 dieat
849 4000 905 4054 nisi
923 4001 994 4055 dona
1011 4003 1132 4058 Helenae
1151 4021 1167 4057 a
1185 4003 1284 4060 Paride
1304 4021 1362 4059 esse
1376 4004 1475 4059 oblata.
1506 4021 1570 4058 eon-

355 4091 438 4146 simili
470 4088 548 4142 modo
579 4088 669 4157 ipsum
696 4085 855 4156 Cypriorum
889 4088 1026 4142 exordium
1054 4089 1197 4158 Euripides
1230 4091 1363 4159 expressit
1385 4090 1450 4145 Hel.
1475 4091 1509 4145 39
1542 4091 1571 4143 et

356 4177 444 4233 Orest.
461 4175 543 4242 1641,
563 4174 634 4244 quod
652 4173 715 4228 inde
731 4172 804 4227 haud
823 4173 939 4228 absurde
956 4175 1078 4244 suppleri
1095 4180 1187 4246 potest

562 4275 596 4342 ἣν
613 4277 658 4330 ὅτε
673 4281 760 4351 μυρία
780 4279 855 4348 φῦλα
874 4275 942 4330 κατὰ
957 4275 1052 4347 χθόνα
1070 4279 1221 4351 πλαζόμεν’
1241 4279 1363 4357 [ἀνδρῶν

563 4364 708 4434 ἐκπάγλως
724 4361 826 4437 ὕβριζε]
845 4370 1036 4438 βαθυστέρνου
1055 4365 1159 4426 πλάτος
1177 4371 1239 4435 αἴης

353 4471 465 4542 ἀνδρῶν
480 4468 629 4548 Barpesius
645 4468 730 4531 emto,
757 4466 900 4537 ἐκπάγλως
926 4469 1082 4525 Welelrerue
1107 4470 1180 4525 haud
1197 4471 1402 4541 inprobabiliter
1419 4470 1570 4539 supplevit:

353 4555 445 4630 ὕβριζε
462 4555 607 4626 Hurilrides
624 4551 792 4624 suppeditat.
