3666 5296
389 385 442 442 1⁷0
949 387 986 440 Π.
1005 388 1031 442 3.

388 579 452 625 non
475 559 577 625 solum
599 559 678 625 artis
701 563 735 625 et
755 559 973 644 praestantiae
997 558 1056 626 sed
1078 560 1173 628 etiam
1196 560 1426 628 sententiarum
1447 559 1501 626 vel
1522 557 1605 642 cogi·

386 663 542 728 tationum
560 681 684 748 conexu
704 663 904 728 coniunctum
924 661 1012 728 haud
1025 661 1164 729 absurde
1179 662 1258 728 mihi
1272 662 1385 730 videor
1399 663 1605 747 adgnoscere,

388 765 449 831 etsi
475 764 545 830 fieri
574 771 694 849 potest,
721 771 757 830 ut
786 764 943 830 artificum
972 766 1097 832 animus
1126 766 1168 831 ab
1189 765 1239 832 his
1262 767 1490 834 subtilitatibus
1511 767 1605 848 longe

387 867 511 934 afuerit.
561 887 634 934 eum
663 868 761 953 enim,
792 869 881 936 cuius
912 869 1046 936 interest
1070 876 1107 934 ut
1135 875 1238 936 artem
1265 869 1462 938 Graecorum
1490 870 1603 936 Roma-

385 991 560 1056 norumque
578 973 705 1056 penitus
725 973 850 1057 inbuat,
872 973 893 1037 i.
911 992 939 1038 e.
959 972 1157 1058 philologum
1176 993 1257 1058 opus
1277 980 1328 1040 est
1348 973 1508 1040 interdum
1523 992 1604 1056 qnae

385 1081 501 1160 poetae
530 1075 710 1142 artifioesve
731 1077 890 1142 volueriut
917 1076 1018 1142 libero
1041 1077 1139 1142 animi
1160 1077 1271 1144 volatu
1291 1097 1477 1162 capessere,
1509 1075 1604 1142 modo

386 1197 428 1246 ue
453 1199 513 1264 pro
542 1180 628 1246 veris
655 1178 800 1246 venditet
829 1181 1052 1264 ariolationes,
1091 1199 1284 1264 quamquam
1310 1182 1381 1266 ipsc
1403 1182 1605 1248 Hermannus

387 1301 433 1348 se.
452 1281 582 1348 ariolari
608 1284 705 1348 malle
735 1303 832 1366 quam
860 1289 990 1368 stupere
1014 1283 1103 1350 dixit
1149 1291 1245 1368 atque
1266 1285 1301 1350 in
1323 1284 1452 1370 Orpheo
1475 1281 1604 1368 quidem

386 1405 486 1452 saeva
506 1387 850 1454 necessitas'amantes
871 1387 1025 1471 seiungit,
1052 1393 1088 1452 ut
1108 1388 1214 1472 ipsum
1234 1388 1458 1454 inrevocabilis
1480 1393 1603 1454 sentcn-

384 1489 451 1555 tiae
474 1489 618 1556 nnntinm
644 1490 808 1558 misereat:
834 1491 868 1556 in
888 1490 1166 1570 Pirithoocontra
1194 1512 1286 1576 spem
1306 1511 1348 1558 ex
1366 1491 1509 1558 Lethaeo
1531 1510 1603 1576 gur-

385 1593 453 1676 gite
480 1594 780 1679 snscitantu13illic
809 1613 893 1677 quae
914 1595 980 1660 iam
1006 1600 1095 1660 ecrta
1122 1595 1291 1662 videbatur
1320 1597 1408 1663 salus
1430 1596 1527 1662 nimio
1548 1595 1603 1660 illo

385 1683 480 1779 quem
503 1695 620 1764 Graeci
642 1697 850 1764 reformidant
877 1719 986 1764 amore
1014 1699 1182 1764 evertitur:
1211 1699 1263 1766 hic
1290 1696 1460 1787 σώφρονος
1486 1699 1604 1766 amoris

384 1799 466 1866 fides
494 1805 527 1866 ct
553 1802 732 1868 constantia
751 1802 870 1868 amicos
898 1821 940 1868 ex
962 1801 1038 1868 Orci
1059 1803 1200 1870 tenebris
1219 1804 1253 1868 in
1275 1803 1481 1888 desperatam
1501 1804 1604 1869 lucem

384 1903 493 1970 evehit
512 1942 554 1950 —
580 1904 675 1972 facile
702 1905 827 1973 diceres
855 1903 944 1992 (nam
971 1905 1033 1972 hoc
1057 1905 1186 1990 quidem
1209 1906 1351 1974 Graecos
1380 1927 1443 1974 non
1464 1907 1605 1974 sensisse

385 2013 633 2092 consentaneum
665 2009 729 2096 est)
760 2009 826 2076 illic
859 2009 901 2076 dc
929 2010 1103 2076 amantium
1129 2011 1348 2078 coniunctione
1375 2015 1604 2096 postmortem

385 2111 493 2178 lutura
524 2111 706 2199 desperari,
738 2113 791 2180 hic
820 2119 954 2180 mortem
989 2133 1098 2200 amore
1129 2115 1247 2180 victam
1274 2115 1449 2182 laetissimo
1475 2113 1604 2200 probari

384 2217 540 2300 exemplo.

384 2439 492 2505 praeter
518 2454 601 2507 opera
627 2437 719 2494 titulis
743 2437 877 2510 insignita
902 2437 1062 2508 prodierunt
1089 2441 1214 2494 matrona
1235 2439 1446 2494 Herculanensis
1470 2442 1498 2494 et
1519 2440 1603 2494 Vasta

384 2523 564 2590 Iustinianea‚
584 2525 716 2580 Camillus
739 2528 767 2580 et
789 2525 986 2592 ἀκανθοπλήξ,
1008 2524 1151 2594 Apollines
1174 2524 1350 2580 Atheniensis
1372 2528 1409 2598 et,
1418 2524 1602 2580 Mantuanus?

383 2625 438 2664 non
456 2611 537 2664 unius
555 2610 676 2666 familiae
694 2614 795 2674 artem,
815 2612 895 2666 unius
913 2611 1027 2678 aetatis,
1043 2627 1112 2680 qnae
1128 2611 1191 2666 inde
1209 2628 1226 2666 a
1244 2610 1361 2666 Caesare
1379 2627 1465 2680 usquc
1484 2609 1520 2665 ad
1536 2611 1601 2665 Tra-

384 2694 477 2750 ianum
495 2697 611 2762 duravit,
629 2715 677 2767 per
694 2697 891 2752 fertilissimam
909 2700 938 2752 et
953 2697 1197 2767 praeclarissimam
1213 2697 1395 2766 cognitionem
1414 2713 1495 2766 quam
1511 2697 1602 2752 lichn-

384 2780 437 2836 leio
460 2781 589 2838 debemus
612 2783 793 2853 cognovimus.
836 2786 865 2837 et
890 2783 1035 2837 scitissime
1059 2798 1103 2836 mo
1122 2784 1228 2837 monuit
1244 2782 1378 2838 Robertus
1394 2799 1483 2848 meus,
1513 2783 1601 2838 mani·

382 2867 484 2925 festum
500 2871 600 2924 aetatis
619 2870 749 2924 indicium
766 2870 796 2924 in
807 2870 960 2924 Laocoonte
978 2869 1043 2924 inde
1060 2869 1118 2939 peti
1136 2885 1229 2938 posse,
1247 2869 1319 2938 quod
1338 2887 1399 2924 eum
1411 2870 1466 2924 nisi
1478 2869 1601 2940 Vergilio

384 2955 455 3009 lecto
478 2955 640 3026 intellegere
661 2956 765 3026 nequis.
801 2956 872 3010 nihil
894 2957 991 3010 iuvant
1007 2955 1054 3010 ubi
1076 2953 1190 3010 de‘tam
1211 2956 1319 3025 magnis
1340 2957 1434 3024 agitur
1456 2956 1601 3012 stilisticae
1707 2973 1712 2979 ¹
1796 2995 1797 3004 .

383 3057 450 3110 quas
469 3041 547 3096 aiunt
563 3042 702 3096 minutiae.
739 3043 764 3096 si
781 3041 889 3112 quando
907 3042 1030 3096 homines
1047 3043 1128 3096 aliter
1145 3043 1246 3096 sentire
1262 3042 1325 3096 aliis
1337 3043 1460 3097 mtificiis
1472 3042 1602 3098 delectari

382 3131 540 3195 coeperunt,
568 3144 601 3182 ex
626 3144 731 3182 urorum
749 3143 838 3181 rernm
855 3127 1025 3196 publicarum
1042 3128 1195 3182 litterarum
1213 3128 1362 3182 mutatione
1381 3128 1459 3182 unice
1477 3128 1507 3184 id
1523 3145 1600 3197 repe·
1696 3159 1698 3165 .
1796 3127 1797 3130 ’

382 3212 494 3268 tendum
518 3215 569 3267 cst
604 3230 674 3283 quae
697 3213 825 3284 qnoniam
846 3214 877 3268 in
901 3213 1057 3268 universum
1080 3216 1207 3268 constant
1223 3212 1431 3268 fundamentum
1448 3215 1517 3268 artis
1534 3231 1600 3284 quo·

381 3313 434 3368 que
461 3299 590 3353 historiae
613 3315 672 3354 csse
695 3299 808 3354 debent:
829 3300 885 3353 nisi
900 3299 970 3352 forte
992 3299 1096 3354 trustra
1110 3299 1179 3353 vixit
1196 3299 1446 3354 Winckelmannns.
1481 3316 1499 3354 a
1517 3316 1601 3370 gene·

380 3383 484 3439 ralibus
500 3386 546 3439 lux
563 3385 599 3440 ad
616 3386 768 3455 singularia
784 3385 948 3454 resplendet.
984 3401 1045 3440 cum
1063 3388 1155 3439 antem
1172 3386 1257 3439 Divus
1275 3385 1364 3439 Iulius
1381 3384 1475 3440 urbem
1487 3386 1601 3440 Romam

380 3477 550 3546 πρυτανεῖον
575 3477 623 3538 τῆς
644 3477 808 3544 οἰκουμένης
828 3471 1003 3535 reddidisset,
1034 3474 1159 3540 coeptum
1183 3474 1226 3526 cst
1248 3470 1381 3526 Αιίιιιιιιιι
1403 3487 1502 3540 genus,
1528 3470 1601 3540 quod

380 3573 429 3626 per
454 3574 549 3612 omnes
572 3563 735 3628 regnaverat
758 3561 847 3622 artes,
875 3557 1007 3626 relinqui,
1033 3559 1128 3626 coepta
1150 3559 1193 3612 est
1214 3559 1243 3612 et
1264 3556 1354 3610 doceri
1377 3560 1406 3612 et
1426 3557 1512 3611 excoli
1529 3557 1600 3626 opti·

380 3661 484 3700 morum
503 3645 632 3715 cuiusque
650 3644 759 3715 generis
779 3645 961 3712 exemplorum
978 3643 1105 3698 imitatio.
1141 3644 1276 3712 pervicere
1294 3644 1323 3696 in
1339 3641 1459 3712 pedestri
1477 3643 1600 3698 oratione

380 3730 474 3786 Cicero
492 3733 521 3786 et
540 3731 656 3796 Calvus,
674 3731 822 3801 Dionysius
841 3733 870 3784 et
885 3729 1019 3784 Caecilius
1025 3749 1033 3792 ;
1051 3729 1105 3782 nisi
1122 3729 1285 3795 exaruisset,
1303 3731 1406 3782 rectam
1416 3728 1503 3795 mam,
1522 3745 1600 3784 mon·

379 3819 495 3872 stratam
512 3816 546 3870 ab
558 3818 686 3882 Horatio,
704 3817 795 3885 poesis
808 3816 885 3885 sequi
897 3817 1017 3884 poterat;
1033 3813 1173 3869 malebant
1185 3813 1408 3882 philosophorum
1420 3813 1601 3870 eruditissimi

378 3903 554 3958 Aristotelem
573 3905 623 3956 aut
639 3902 782 3957 Platonem
798 3901 985 3970 interpretari,
1005 3915 1085 3970 quam
1103 3899 1139 3954 ad
1156 3916 1257 3954 morem
1269 3899 1400 3968 Diogenis
1412 3899 1601 3955 Philodemive

379 3987 471 4043 Stoica
492 3991 541 4042 aut
558 3988 692 4057 Epicurea
712 3987 814 4056 placita
833 4003 865 4042 ex
885 3985 1021 4040 veteribus
1044 3985 1228 4054 conpendiis
1220 4003 1249 4040 ιιι
1267 4001 1338 4040 nova
1354 3985 1491 4053 redigere:
1516 3987 1600 4041 eham

378 4074 519 4144 sculptura
535 4073 570 4128 ab
588 4073 690 4127 Asiano
708 4089 808 4141 genere
826 4072 861 4127 ad
878 4072 990 4142 probam
1008 4088 1173 4126 summorum
1190 4087 1301 4140 operum
1314 4071 1497 4126 imitationem
1509 4072 1600 4137 rediit,

355 4159 554 4229 'restituitque
583 4159 715 4212 terminos
743 4159 816 4212 inter
845 4159 979 4227 picturam
1006 4161 1035 4212 et
1060 4157 1227 4228 sculpturam
1250 4173 1336 4226 paene
1360 4159 1468 4212 evulsos
1497 4158 1600 4228 (cogita

376 4246 457 4302 modo
478 4245 617 4314 Apollonii
641 4247 671 4300 et
692 4245 815 4299 Taurisci
838 4245 949 4311 Dircen,
981 4243 1135 4312 Spadanam
1158 4244 1374 4314 anaglyphomm
1400 4244 1511 4309 seriem,
1538 4245 1599 4313 ple·

376 4349 461 4402 raque
490 4347 622 4401 aquarum
646 4332 826 4397 ornaments).
865 4333 896 4384 at
921 4330 1013 4386 hercle
1040 4347 1071 4386 eo
1099 4333 1203 4386 ceteras
1232 4334 1307 4386 artes
1323 4330 1402 4396 vicit,
1428 4330 1599 4402 quodquam

377 4433 470 4476 omues
492 4416 545 4472 sibi
571 4421 767 4486 proposuerant
784 4415 879 4479 finem,
905 4418 1040 4486 quatenns
1060 4416 1186 4472 humanis
1204 4417 1308 4472 viribus
1325 4416 1385 4471 fieri
1402 4419 1510 4485 potest,
1537 4432 1599 4470 vere
