3666 5296
374 421 426 478 180
936 421 972 475 11.
990 419 1017 474 4.

370 594 518 662 flebiliter
537 595 745 662 intereuntem
764 594 920 679 exhibuit,
944 592 1136 660 Graecorum
1155 593 1323 678 perfidiam
1343 593 1376 657 in
1398 589 1580 658 Palamedis

371 719 470 766 eausa
490 699 684 783 monstravit,
707 697 900 765 (1111111111
914 698 1074 764 interitum
1089 697 1248 782 praedixit
1261 697 1394 782 prologo
1409 694 1579 762 Troadum.

372 823 442 869 eum
465 808 659 887 speetatores
681 821 780 869 eavea
801 801 1042 887 egrederentur,
1064 801 1211 868 viderant
1224 806 1290 866 tam
1303 820 1437 885 pravum
1452 805 1580 881 tamque

371 906 530 991 perditum
561 906 694 973 mortale
727 925 828 990 genus
857 897 1008 974 creatum
1029 925 1119 990 esse,
1152 911 1188 971 ut
1221 905 1326 988 siquid
1353 905 1428 970 boni
1456 901 1582 969 honesti

371 1011 479 1096 magni
509 1010 655 1077 viderent
685 1009 720 1074 id
744 1015 887 1077 evertere
910 1016 942 1076 et
967 1010 1076 1076 delere
1096 1009 1275 1092 studerent3
1299 1009 1447 1074 viderant
1468 1006 1581 1074 eadem

370 1119 463 1180 noete
484 1115 601 1181 vietum
615 1115 828 1197 victoremque
842 1115 958 1199 premi,
981 1133 1174 1180 summarum
1193 1134 1304 1199 opum,
1327 1131 1469 1179 summae
1483 1110 1580 1176 111111-

371 1219 446 1284 tatis
476 1239 550 1284 mox
582 1217 660 1283 nihil
693 1238 860 1303 superesse
892 1218 954 1284 nisi
977 1219 1100 1284 eineres
1128 1225 1161 1284 et
1188 1216 1363 1301 naufragia.
1412 1217 1581 1301 inportuno

371 1323 437 1386 vati
458 1323 634 1407 praemium
655 1341 718 1388 non
738 1321 920 1388 detulerunt
940 1321 1166 1420 qthenienses:
1193 1321 1306 1388 eadem
1327 1326 1449 1386 aestate
1469 1318 1581 1384 elassis

372 1426 498 1508 qualem
526 1446 614 1493 mare
640 1447 703 1492 non
733 1425 814 1492 vidit
835 1427 968 1491 alteram
990 1425 1104 1492 Piraeo
1126 1424 1271 1510 profecta
1292 1430 1357 1510 est,
1390 1443 1454 1490 non
1476 1442 1581 1490 rever-

372 1549 465 1627 11111ξι
499 1529 643 1596 oeeidere
664 1529 827 1613 Athenae3
851 1529 909 1596 sed
930 1530 1066 1596 vietores
1089 1549 1214 1612 quoque
1237 1549 1299 1595 non
1321 1529 1424 1595 solum
1442 1522 1528 1612 Δίκη
1549 1531 1583 1591 et

371 1627 505 1714 Αἰδώς,
540 1634 636 1699 etiam
666 1633 793 1700 11111111
825 1634 1013 1716 reliqueret,
1055 1633 1115 1699 fuit
1144 1632 1288 1700 Graeeia.
1337 1640 1371 1699 at
1398 1630 1582 1717 Euripidem

371 1737 490 1804 blanda
518 1736 653 1815 ¹deorum
686 1739 832 1804 voluntas
849 1726 928 1803 ‘vnon
960 1738 1062 1804 solum
1090 1737 1227 1822 benigno
1253 1757 1291 1803 ae
1320 1736 1447 1823 plaeido
1472 1734 1582 1801 morbo

323 1903 327 1920 ,
372 1841 522 1926 abstulit,
550 1862 590 1908 ne
618 1843 741 1927 patriae
769 1842 912 1908 nltimam
941 1841 1025 1908 diem
1050 1842 1187 1928 videret,
1223 1842 1282 1909 sed
1312 1842 1398 1927 apud
1427 1840 1581 1907 barbaros

372 1951 498 2030 portum
525 1946 759 2029 tranquillitatis
787 1946 906 2012 intrare
932 1947 1020 2014 sivit:
1053 1947 1177 2013 dieeres
1208 1947 1354 2031 exemplo
1375 1943 1582 2026 manifestari,

372 2050 447 2116 lieet
485 2056 613 2116 ruerent
647 2049 805 2134 Athenae,
848 2051 922 2116 lieet
957 2049 1095 2135 patrium
1135 2051 1237 2117 solum
1266 2051 1427 2117 desertum
1453 2049 1582 2130 iaoeret,

372 2153 447 2220 lieet
478 2173 518 2219 ex
541 2152 735 2220 Graecorum
771 2154 869 2239 stirpe
897 2155 1052 2221 libertatis
1085 2155 1213 2240 pietatis
1239 2155 1363 2220 virtutis
1384 2153 1443 2220 flos
1466 2152 1582 2219 exime-

372 2263 471 2342 retur,
497 2235 620 2325 inatum
649 2278 721 2324 esse
753 2258 919 2324 inmortale
949 2258 1101 2340 quiddam
1130 2260 1164 2324 in
1192 2258 1271 2325 urbe
1300 2257 1460 2342 Palladis,
1497 2253 1583 2339 quod

371 2363 508 2447 patriam
536 2362 692 2428 inveniret
720 2361 784 2427 11111
817 2362 901 2446 apud
932 2363 1126 2448 propinquos
1154 2363 1362 2447 Macedonas,
1393 2362 1468 2428 olim
1496 2357 1584 2445 apud

372 2465 605 2534 diversissimos
642 2467 793 2552 populos:
833 2486 970 2550 namque
1013 2487 1054 2534 ex
1080 2467 1158 2533 feris
1192 2474 1225 2534 et
1259 2467 1404 2533 barbaris
1441 2464 1583 2530 (1111111

373 2577 405 2636 et
426 2571 580 2636 humanos
606 2569 727 2655 reddit,
760 2590 886 2655 semper
918 2571 1029 2638 vivens
1061 2591 1187 2656 semper
1218 2571 1316 2640 vitam
1345 2559 1582 2636 1111111111]-

372 2674 452 2742 dens
485 2695 640 2741 summam
675 2675 744 2741 veri
775 2675 876 2760 pulori
903 2675 977 2742 boni
1004 2676 1143 2760 speeiem
1168 2696 1232 2741 non
1258 2697 1298 2742 ex
1327 2675 1497 2759 longinquo
1524 2672 1584 2739 sed

343 2777 350 2882 l
372 2779 572 2845 manifestam
594 2778 803 2845 exhibens-
819 2778 920 2845 donee
941 2766 1089 2864 planetae
1111 2786 1219 2846 nostro
1241 2780 1324 2846 inter
1344 2778 1453 2845 sidera
1473 2775 1583 2842 mundi

342 2883 347 2974 l
373 2884 461 2950 loeus
483 2884 552 2949 erit

461 3003 527 3070 Sed
559 3023 668 3071 rursus
696 3010 787 3070 extra
816 3005 967 3072 terminos
995 3011 1130 3089 vagatus
1161 3025 1248 3090 sum;
1276 3005 1331 3071 vix
1360 3023 1469 3070 rursus
1491 3022 1583 3068 exou-

374 3108 476 3174 sabor.
529 3109 767 3175 exeusationem
796 3114 902 3175 tamen
929 3116 965 3174 ut
990 3110 1158 3195 inpetrem,
1191 3130 1254 3175 uno
1277 3109 1422 3194 exemplo
1443 3108 1584 3190 doceam,

374 3232 437 3277 non
466 3231 596 3296 prorsus
624 3212 836 3279 infructuosas
866 3219 921 3279 aut
945 3213 1075 3281 floribus
1103 3219 1225 3280 tanturn
1246 3234 1310 3279 non
1331 3213 1441 3297 granis
1459 3211 1584 3278 feraces

373 3317 433 3382 has
467 3315 696 3401 disputationes
730 3338 810 3384 esse.
860 3318 954 3384 modo
983 3318 1067 3384 enim
1097 3319 1256 3402 inquirere
1285 3319 1382 3403 velis,
1415 3318 1583 3403 inportuno

374 3421 458 3486 111111
475 3420 648 3505 dispositae
664 3422 849 3506 tragoediae
865 3423 1015 3510 remedio,
1039 3424 1099 3490 deo
1116 3444 1155 3490 111
1170 3423 1327 3508 maehina,
1341 3423 1396 3488 ubi
1411 3428 1444 3488 et
1458 3420 1584 3505 quando

378 3524 546 3610 Euripides
562 3546 638 3593 usus
661 3527 715 3614 sit,
740 3534 851 3614 sponte
874 3528 932 3594 tibi
951 3529 1119 3614 adparebit
1133 3535 1207 3594 ante
1223 3548 1339 3593 annum
1358 3535 1510 3593 43111111
1525 3525 1586 3591 1111

374 3651 437 3697 non
458 3629 582 3698 fecisse.
626 3652 701 3698 nam
723 3639 845 3700 eonstat
867 3633 936 3719 (aut
956 3633 1042 3698 faoili
1059 3633 1187 3717 negotio
1201 3633 1335 3699 inveniri
1349 3630 1469 3719 potest)
1490 3631 1585 3696 deum

375 3755 416 3801 ex
437 3735 583 3801 maehina
604 3757 666 3803 non
687 3737 786 3805 fuisse
808 3739 841 3803 in
863 3738 963 3804 Aeolo
979 3736 1088 3804 Oeneo
1106 3737 1307 3804 Stheneboea
1320 3738 1418 3803 Inone
1433 3735 1549 3802 Medea
1557 3735 1584 3820 ⁶)

375 3839 535 3906 Aleestide
550 3840 748 3909 Phaethonte
763 3843 920 3909 Phoeniee
935 3843 1118 3909 Peliadibus
1133 3843 1304 3909 Alemeone
1319 3843 1426 3927 priore
1443 3839 1584 3924 Telepho

375 3942 558 4009 Philocteta.
603 3945 708 4010 Diana
741 3966 823 4029 quae
856 3948 890 4012 in
916 3945 1083 4032 Hippolyti
1116 3946 1218 4013 exodo
1250 3945 1409 4012 inducitur
1436 3944 1515 4011 deus
1545 3949 1586 4009 ex

375 4047 522 4112 maehina
536 4047 599 4113 diei
612 4049 736 4133 nequit,
759 4070 833 4115 nam
848 4056 880 4116 et
893 4071 1031 4136 persona
1048 4058 1097 4117 est
1111 4051 1199 4118 ouius
1214 4052 1247 4116 in
1262 4051 1356 4117 rebus
1370 4070 1430 4136 per
1444 4047 1585 4114 fabulam

375 4151 474 4235 gestis
489 4171 622 4236 magnas
637 4159 745 4238 partes
761 4173 832 4221 esse
847 4155 1040 4239 solebamus,
1063 4162 1095 4223 et
1109 4175 1168 4240 per
1183 4156 1352 4240 conplures
1367 4173 1500 4221 scaenas
1515 4171 1586 4217 oum

466 4387 494 4456 5)
513 4386 589 4452 Quod
607 4387 693 4444 nihilo
719 4391 805 4446 secius
827 4391 856 4445 in
873 4391 970 4446 Medea
986 4390 1002 4458 ἡ
1021 4389 1099 4452 λύσις
1117 4389 1173 4445 ἀπὸ
1192 4397 1317 4465 pagoaria
1334 4391 1378 4455 fit,
1402 4390 1495 4460 (Arist.
1515 4392 1587 4460 poet.

377 4473 480 4542 145412.)
516 4473 614 4529 11111111
633 4493 741 4530 censum
759 4493 813 4531 non
831 4479 917 4546 venit,
938 4475 1069 4548 siquidem
1089 4482 1198 4533 externe
1216 4477 1303 4532 forma
1320 4479 1400 4547 plane
1418 4477 1524 4532 diversa
1536 4480 1586 4532 est.

378 4560 489 4630 propius
507 4561 623 4617 fortasse
643 4581 659 4616 a
676 4564 725 4618 deo
745 4581 775 4618 ex
792 4566 915 4619 maehina
931 4565 1028 4620 Peleus
1046 4565 1188 4621 Phoenicis
1206 4567 1308 4619 aberat.
