3666 5296
345 569 500 638 Hercules
531 591 570 637 ex
603 572 713 641 inferis
740 573 842 650 redurr
871 584 1040 663 postquam
1071 597 1153 661 quae
1182 578 1248 646 suis
1270 579 1470 646 imminerent

259 673 382 740 audivit
404 676 555 759 gravibus
578 678 684 745 verbis
708 681 843 748 salutem
866 683 912 750 eis
932 684 1093 769 promittit.

371 861 373 868 Ι
433 786 488 869 τῷ
501 779 562 868 γάρ
584 783 618 865 μ’
641 781 767 867 άμόνειν
788 786 910 868 μᾶλλον
930 784 951 876 ἢ
973 783 1114 875 δάμαρτι
1130 787 1188 876 χρὴ

325 888 386 982 575
432 883 489 949 καὶ
508 885 608 952 παισί
628 886 683 952 καὶ
705 883 830 956 τεκόντι
837 920 849 973 ,·
868 889 1046 978 χαιρόντων
1066 891 1177 960 πόνοι·

431 985 534 1078 μάτην
557 990 618 1079 γάρ
641 982 757 1072 αὐτοὺς
776 996 876 1060 τῶνδε
899 997 1021 1079 μᾶλλον
1042 993 1149 1084 ἤνυσα.

432 1091 488 1158 καί
510 1094 560 1158 δεῖ
581 1097 613 1178 μ’
635 1091 718 1184 ὑπὲρ
740 1099 848 1186 τῶνδ’,
872 1095 964 1189 εἴπερ
986 1101 1047 1166 οἵδ’
1071 1097 1155 1189 ὑπὲρ
1173 1097 1307 1187 πατρός,

433 1192 586 1286 θνήσκειν
607 1191 761 1284 άμόνοντ’.
806 1197 827 1291 ἢ
847 1200 881 1268 τί
902 1203 1046 1292 φήσομεν
1068 1205 1166 1272 καλὸν

432 1299 512 1391 ίίδρᾳ
533 1301 591 1388 μὲν
615 1299 725 1370 ἓλδεῖν
748 1305 781 1386 ἒς
802 1305 904 1396 μάχην
927 1306 1034 1376 λέοντί
1054 1334 1090 1376 τε

326 1415 388 1474 580
434 1407 628 1496 Εὐρυσθέως
650 1415 835 1494 πομπαῖσι,
858 1416 922 1478 τῶν
947 1415 976 1480 δ’
1000 1412 1086 1497 ἐμῶν
1108 1409 1226 1479 τέκνων

434 1504 492 1579 οόκ
515 1509 685 1602 ἐκπονήσω
707 1510 870 1599 drinaum,-
899 1507 957 1584 οὐκ
979 1513 1027 1604 άρ’
1047 1514 1209 1607 Ἡρακλῆς

433 1614 451 1683 ὁ
475 1613 658 1698 καλλίνικος
678 1615 721 1698 ὡς
743 1615 892 1708 πάροιθε
913 1619 1055 1706 λέξομαι.

325 1725 396 1788 XO.
430 1719 543 1788 δίκαια
565 1721 638 1801 τοὺς
660 1717 809 1803 τεκόντας
832 1716 968 1814 ὠφελεῖν
988 1725 1083 1794 τέκνα

433 1825 560 1915 πατέρα
581 1851 616 1893 τε
638 1827 784 1914 πρέσβυν
807 1827 863 1918 τήν
885 1855 921 1896 τε
943 1829 1093 1896 κοινωνὸν
1115 1828 1234 1915 γάμων.

259 1940 325 2008 ,575
357 1926 483 1999 τεκόντι
512 1933 641 2018 scripsi:
673 1935 824 2001 traditum
851 1933 975 2022 γέροντι
1004 1943 1071 2003 tam
1100 1937 1273 2004 absurdum
1294 1943 1344 2004 est
1365 1939 1473 2003 utrix

260 2037 389 2104 credam
422 2059 442 2104 a
463 2059 514 2104 me
536 2039 638 2124 primo
661 2060 773 2106 verum
795 2061 867 2108 esse
889 2043 1057 2127 prolatum.
1103 2047 1164 2106 581
1195 2036 1365 2130 ἐκπονήσω
1387 2048 1472 2110 reete

259 2163 341 2208 nuuc
368 2149 515 2208 servatur
547 2144 625 2209 satis
650 2143 817 2212 defensum
846 2167 892 2212 vs.
914 2154 976 2212 309
983 2197 992 2232 ,
1013 2147 1226 2228 anacoluthon
1245 2166 1321 2212 vero
1344 2147 1474 2213 Herculi

259 2249 352 2315 unice
381 2247 535 2314 convenit.
583 2255 645 2316 583
676 2251 749 2314 XO.
780 2249 905 2316 addidit
924 2251 1131 2338 Tyrwhittus.
1176 2258 1209 2316 at
1231 2257 1380 2336 corrupta
1401 2258 1474 2318 sunt

261 2353 349 2419 chori
368 2353 483 2438 verba,
507 2373 582 2418 nam
604 2348 635 2416 ol
655 2347 801 2431 τεκόντος
822 2375 886 2420 non
907 2361 1022 2422 norunt
1043 2375 1175 2422 uxorem
1196 2376 1271 2439 nee,
1294 2357 1323 2422 si
1344 2355 1404 2423 hoc
1420 2377 1472 2422 ex·

260 2463 401 2542 cusatnr,
435 2477 507 2522 curn
538 2464 646 2544 patre,
680 2458 796 2524 nedum
823 2479 894 2526 cum
917 2480 992 2527 sene
1015 2466 1120 2545 patre,
1154 2467 1287 2546 possunt
1318 2461 1472 2546 coniungi.

261 2561 362 2629 ardua
390 2581 442 2628 res
472 2568 521 2629 est
548 2561 720 2630 emendare
749 2563 836 2630 chori
861 2565 973 2650 verba,
1008 2565 1122 2648 quibus
1150 2565 1309 2648 longiores
1332 2570 1473 2631 actorum

204 2729 207 2736 .
246 2668 419 2734 orationes
448 2665 643 2752 distinguere
672 2669 752 2734 solet
777 2668 960 2755 Euripides,
990 2671 1118 2735 inanem
1148 2670 1370 2757 sententiolam
1391 2688 1474 2752 quae

261 2794 281 2837 a
299 2773 429 2854 reliquis
461 2773 607 2858 personis
629 2773 684 2837 vix
706 2773 874 2858 respicitur
893 2780 949 2840 aut
970 2773 1053 2840 binis
1075 2779 1130 2839 aut
1150 2774 1248 2839 ternis
1270 2779 1325 2838 aut
1347 2779 1472 2856 quater-

260 2878 324 2962 nis,
353 2897 524 2960 numquam
550 2883 605 2942 aut
632 2877 764 2961 singulis
785 2883 841 2942 aut
862 2878 966 2960 quinis
988 2879 1134 2946 versibus
1156 2877 1348 2963 complexus.
1394 2877 1475 2944 solet

262 2988 368 3048 autem
394 2983 461 3048 fere
488 2981 638 3047 iudicium
664 2981 704 3047 de
731 2983 874 3074 oratione
898 3003 1091 3072 praegressa
1116 2982 1193 3049 ferri
1218 3001 1316 3048 causa
1337 2981 1475 3064 quadam

265 3085 388 3172 addita,
427 3087 479 3154 vel
517 3087 674 3152 sententIa
706 3086 781 3167 iude
812 3085 952 3152 derivari
980 3089 1148 3171 generalis.
1193 3088 1301 3169 itaque
1328 3086 1477 3154 Herculis

262 3192 361 3256 verba
392 3189 562 3275 adscripsi,
600 3211 641 3257 ne
672 3189 713 3256 de
746 3211 856 3257 eorum
882 3192 915 3256 vi
941 3192 1019 3256 mihi
1047 3193 1215 3275 quisquam
1245 3191 1474 3274 obloqueretur.

262 3297 393 3381 opponit
422 3296 507 3361 enim
540 3315 623 3378 quae
648 3297 754 3362 iussus
781 3297 821 3362 ab
848 3297 962 3364 infesto
985 3297 1165 3383 Eurystheo
1187 3297 1407 3362 exantlaverat
1429 3296 1476 3363 eis

254 3421 348 3484 ¹quae
369 3401 434 3466 iam
457 3401 517 3466 sibi
538 3421 597 3485 pro
619 3402 686 3467 suis
706 3401 855 3467 audenda
876 3403 952 3468 sint:
976 3423 1074 3485 qaam
1094 3403 1187 3484 fortis
1201 3402 1253 3484 fat
1267 3402 1396 3484 quoodo
1410 3421 1476 3466 ser-

262 3506 346 3584 cc'oa';
381 3511 500 3588 pacato
533 3506 648 3586 fortior
678 3526 730 3571 ero
764 3506 849 3573 liber.
901 3526 981 3588 quos
1015 3507 1138 3572 animos
1170 3527 1191 3570 a
1220 3505 1315 3572 choro
1348 3505 1478 3590 probari

209 3670 212 3675 .
263 3610 476 3694 suspicamur,
510 3629 573 3674 non
598 3608 685 3675 nuda
705 3609 833 3692 quidem
856 3611 998 3677 oratione
1021 3610 1080 3676 sed
1102 3610 1235 3696 argutiis
1255 3609 1477 3693 aliquomodo

264 3714 403 3798 condita,
426 3735 502 3779 narn
516 3714 549 3778 in
569 3715 756 3780 sententiam
771 3715 955 3797 generalem
970 3735 990 3779 a
1004 3715 1143 3781 librariis
1159 3714 1294 3780 distorta
1309 3733 1380 3780 esse
1396 3689 1495 3797 quael

264 3819 305 3885 de
339 3839 402 3886 uuo
432 3819 569 3884 Hercule
603 3817 688 3884 dicta
715 3825 806 3884 erant
837 3819 931 3885 facile
961 3819 1104 3905 adparet.
1154 3818 1231 3902 quid
1258 3819 1286 3884 si
1308 3818 1388 3884 haec
1409 3818 1477 3884 fere

264 3930 408 3990 extarent
430 3927 543 3989 εακιίο
566 3923 642 3988 turo
664 3927 693 3988 te
713 3923 823 3989 κιδινιτ
844 3925 971 3990 etiamst
993 3945 1059 3989 κονι
1080 3925 1223 3990 talearis
1242 3929 1313 3989 taos
1327 3923 1478 3989 screare?

166 4118 168 4122 ι
264 4029 527 4114 amplecteremur
549 4028 660 4113 opinor
683 4028 826 4111 argutias
847 4048 922 4094 vere
937 4029 1136 4113 Euripideas.
1175 4035 1209 4094 at
1222 4028 1257 4093 id
1271 4029 1377 4114 ipsum
1391 4033 1479 4094 extat

483 4125 594 4196 δίκαιά
616 4126 733 4196 τοίίσδ’
757 4126 874 4198 ἑκόντα
897 4134 926 4198 o'
950 4129 1086 4220 ὠφελεῖν
1106 4129 1202 4198 τέκνα

249 4303 254 4316 ,
484 4234 611 4321 πατέρα
632 4259 667 4300 τε
690 4233 834 4322 πρέσβυν
856 4231 915 4324 τήν
936 4261 972 4302 τε
994 4235 1149 4303 κοινωνὸν
1172 4231 1290 4321 γάμων.

265 4361 328 4408 nou
350 4361 477 4426 semper
496 4342 664 4426 integritas
686 4347 893 4427 recuperatur
915 4343 983 4408 sine
1006 4343 1179 4408 mutatione
1201 4340 1302 4432 (nulla
1325 4341 1409 4406 enirn
1430 4346 1480 4406 est

267 4437 442 4530 adspiratio
480 4453 552 4530 post
585 4444 766 4534 elisionem)
802 4445 861 4518 sed
889 4447 953 4516 leni
982 4467 1077 4514 mauu
1106 4448 1260 4537 pleraque
1287 4445 1479 4517 inHercule

268 4549 412 4619 sananda
434 4556 514 4620 sunt.
