3594 5292
318 463 353 519 10
890 457 913 514 I.
929 462 955 516 2.
1052 479 1056 488 ·

317 636 469 704 claudunt
497 635 585 702 dubii
607 637 636 702 si
658 637 712 720 qui
733 636 860 702 luerunt
881 636 951 702 loci.
996 642 1030 702 at
1051 657 1156 721 pauca
1176 636 1272 702 etiam
1293 637 1532 722 praemonenda

316 742 436 824 habec;
458 740 658 825 Dindorfius‚
681 741 771 807 cuius
794 740 932 807 editione
947 761 1000 807 me
1013 761 1107 808 usum
1123 761 1195 808 esse
1210 761 1307 826 supra
1322 741 1402 826 dixi,
1427 741 1447 821 ξ
1460 743 1530 810 aot-

318 867 389 912 cum
402 847 458 912 ubi
472 846 576 912 locum
589 845 708 912 habere
723 852 838 931 potest,
853 843 888 923 ἐς
903 852 977 913 ante
994 865 1149 915 consonas
1165 841 1212 922 εἰς
1226 851 1300 912 ante
1315 846 1443 914 vocales
1453 844 1530 934 (quo

316 946 499 1036 perversius
532 951 665 1034 cogitari
697 949 819 1037 nequit)
854 945 943 1016 κλάω
971 944 1022 1016 ἀεὶ
1052 950 1169 1017 similia
1197 945 1344 1033 γίγνομαι
1366 948 1531 1033 γιγνώσκω

317 1060 488 1140 augmenta
519 1054 786 1140 diphthongcrum
819 1079 853 1120 co
880 1062 913 1122 ct
936 1078 976 1120 oo
1002 1055 1068 1120 alia
1094 1054 1129 1120 id
1156 1073 1266 1144 genus
1289 1054 1333 1120 ed
1358 1055 1531 1147 arbitrium

317 1159 453 1226 restituit
476 1179 539 1226 non
567 1161 685 1226 monito
715 1161 843 1227 lectore.
893 1166 943 1226 est
971 1160 1026 1226 ubi
1055 1159 1286 1243 discrepantias
1308 1159 1452 1226 codicum
1480 1159 1530 1228 his

317 1281 442 1346 quoque
463 1263 496 1328 iu
519 1264 613 1330 rebus
635 1265 827 1347 notaverim
851 1270 885 1330 at
906 1263 1126 1332 difficillimum
1148 1269 1198 1330 est
1224 1263 1268 1328 ad
1291 1283 1331 1330 ea
1352 1283 1410 1348 por
1431 1263 1531 1328 multa

317 1365 405 1432 milia
429 1387 578 1434 versuum
602 1367 791 1452 adtendere,
818 1387 921 1450 neque
944 1387 1015 1436 oum
1037 1367 1181 1434 conferre
1203 1367 1329 1434 codices
1346 1367 1530 1452 inciperem,

317 1471 395 1538 satis
418 1471 589 1556 diligenter
610 1473 749 1538 animum
772 1472 815 1544 ad
842 1493 893 1538 res
923 1493 982 1557 per
1004 1492 1039 1539 se
1061 1473 1196 1558 pusillas
1218 1477 1251 1538 et
1272 1492 1331 1556 pro
1354 1471 1474 1538 codicis
1501 1475 1532 1534 (t)

316 1581 431 1641 natura
460 1577 577 1643 nullius
599 1577 694 1661 pretii
716 1577 848 1643 adverti.
898 1577 999 1642 nolint
1018 1576 1115 1660 igitur
1137 1596 1256 1659 quaeso
1279 1576 1415 1644 lectores
1438 1575 1531 1640 nimis

317 1680 512 1746 confidenter
542 1701 583 1746 ex
613 1681 737 1747 silentio
760 1701 832 1747 meo
855 1679 1028 1764 quidquam
1051 1680 1248 1748 concludere.
1293 1685 1327 1746 at
1348 1680 1382 1746 in
1404 1679 1530 1746 univcr-

318 1804 388 1852 sum
410 1784 516 1851 dicere
537 1805 681 1870 possum,
709 1787 770 1852 vel
791 1785 879 1852 hisce
901 1785 934 1850 in
955 1785 1096 1852 minutiis
1119 1784 1246 1852 codices
1269 1785 1316 1850 ita
1337 1783 1529 1868 conspirare,

303 1895 352 1954 .ut
372 1889 483 1956 lectori
511 1889 586 1956 inde
612 1890 812 1974 potissimum
840 1909 936 1972 quam
965 1895 1035 1956 arto
1062 1889 1260 1973 cognationis
1283 1888 1410 1956 vinculo
1432 1887 1531 1954 iuncti

318 1993 381 2058 sint
418 1993 583 2078 adpareat.
641 1989 778 2077 denique
812 1995 976 2060 metricam
1011 1993 1249 2078 discriptionem
1283 2013 1346 2058 non
1383 2011 1530 2075 excerpo,

317 2096 498 2183 professus,
529 2107 657 2183 praeter
685 2100 771 2166 locos
804 2099 916 2165 dubios
943 2099 1031 2185 (nam
1061 2099 1148 2164 nulla
1174 2098 1207 2163 in
1230 2117 1264 2162 re
1287 2117 1305 2162 c
1326 2095 1530 2181 inpudentius

318 2203 466 2288 mutavit,
489 2223 549 2269 nec
571 2206 597 2268 P
620 2205 698 2270 satis
721 2204 856 2288 diligens
878 2202 950 2290 fuit)
972 2203 1049 2268 milri
1063 2203 1184 2270 nullum
1198 2208 1327 2288 praesto
1342 2221 1414 2268 esse
1427 2201 1530 2268 locum

318 2305 372 2388 qui
400 2306 636 2392 discriptionem
664 2329 699 2373 re
725 2329 803 2374 vcra
834 2308 994 2374 diversam
1023 2307 1186 2390 praebeat.
1238 2305 1299 2374 hoc
1320 2324 1446 2388 quoque
1468 2303 1530 2370 nisi

317 2409 350 2474 in
379 2410 529 2478 tratribus
556 2432 652 2496 aegre
674 2413 827 2498 explicari
849 2413 960 2497 possit.
1004 2411 1142 2493 denique
1164 2412 1197 2476 in
1219 2411 1322 2495 prima
1347 2408 1445 2476 classi
1467 2428 1531 2474 uon

317 2515 434 2598 repeti,
457 2534 540 2597 quae
563 2516 649 2601 apud
670 2517 899 2584 Kirchhoffium
922 2523 1007 2583 recte
1029 2515 1135 2600 posita
1157 2516 1233 2600 sint,
1256 2515 1311 2580 vix
1332 2531 1465 2580 necesse
1482 2517 1532 2578 est

316 2637 550 2701 praemoneam.
594 2641 667 2687 mea
689 2622 772 2688 enim
795 2622 835 2687 ob
858 2622 905 2688 eis
920 2626 1042 2687 tanturn
1057 2621 1112 2703 qui
1127 2619 1288 2704 Euripidis
1304 2637 1380 2684 vere
1396 2615 1531 2683 studiosi

317 2725 574 2792 commentarium
601 2726 788 2792 Kirchhoffii
820 2726 861 2792 de
889 2726 1035 2791 manibus
1063 2745 1127 2790 non
1157 2723 1320 2808 deponunt
1346 2723 1463 2788 lectum
1491 2721 1531 2786 iri

317 2824 403 2891 hand
434 2828 555 2911 ignoro
606 2835 639 2894 at
669 2831 703 2894 in
730 2849 881 2896 versuum
910 2829 1051 2906 numeris
1078 2849 1141 2893 non
1171 2825 1443 2894 Kirchhoffianum
1472 2823 1532 2892 scd

318 2929 444 2995 solitum
464 2951 547 2998 nunc
570 2933 610 2998 ab
633 2933 703 3018 ipsc
728 2953 854 3016 quoque
876 2938 1039 3016 receptum
1061 2931 1205 2997 ordinem
1228 2950 1352 3012 sequor.

830 3167 1019 3250 cyclops.

607 3340 631 3398 l.
665 3339 716 3398 loci
735 3338 790 3412 port
806 3353 890 3398 noran
907 3335 1062 3394 colationem
1079 3334 1243 3404 congruenter.

422 3489 455 3545 In
479 3495 638 3562 argumento
664 3495 692 3545 et
714 3506 889 3560 personarum
907 3487 997 3543 indice
1015 3485 1139 3553 Σιληνός.
1162 3486 1214 3540 CP.

320 3593 390 3644 vs.2
426 3589 535 3646 εὐθένει
553 3592 625 3662 quod
641 3593 673 3647 L.
692 3591 848 3646 Dindorflus
867 3589 981 3644 coniecit
999 3587 1137 3658 praecepit
1155 3604 1180 3656 p.
1197 3601 1251 3640 non
1270 3601 1344 3654 opus.

353 3677 386 3731 13
421 3676 585 3749 πυθόμενος
612 3677 795 3749 (πειθόμενος
810 3677 843 3746 Ρ)
866 3674 919 3730 σὺν
939 3675 1063 3730 τέκνοισι,
1090 3673 1143 3728 PC.
1180 3671 1236 3742 ἐγὼ
1264 3665 1327 3726 ante
1345 3687 1452 3726 versum
1468 3685 1530 3738 sup·

423 3764 481 3833 plet
498 3781 528 3830 c,
545 3762 595 3819 οὖν
610 3783 643 3834 γε
661 3769 724 3820 ante
741 3761 794 3818 σιἰν
812 3780 838 3832 p.

354 3851 388 3906 27
424 3848 543 3906 κλιτύωγ
559 3851 613 3906 Pc.
632 3868 699 3922 quae
718 3851 903 3906 Kirchhoiiius
919 3850 968 3904 aut
986 3865 1016 3902 ex
1036 3847 1144 3902 silentio
1163 3850 1211 3902 aut
1227 3863 1258 3900 ex
1275 3843 1441 3916 apographis
1460 3843 1532 3897 recte

424 3937 556 3992 conclusit
573 3954 628 3992 non
645 3941 708 3992 noto
726 3937 850 4006 amplius.
962 3949 964 3955 ·

353 4023 388 4079 33
424 4021 538 4093 ἁγηάγη
562 4022 616 4080 PC.
639 4024 695 4078 fere
717 4041 823 4093 semper
845 4023 902 4078 iota
927 4021 1108 4090 subscriptum
1133 4019 1280 4082 omittitur,
1307 4017 1378 4086 quod
1399 4033 1454 4070 non
1474 4015 1533 4069 crat

424 4111 572 4165 notandum
590 4127 677 4182 neque
697 4111 796 4178 notaui.

353 4197 388 4252 41
420 4195 507 4266 χορὸς
525 4195 650 4272 σατύρων
666 4197 720 4252 PG.

573 4297 594 4326 tt

353 4335 388 4391 43
424 4341 487 4403 vtro
508 4335 529 4393 (i
556 4347 619 4407 γίσγ
637 4341 660 4393 Ρ
677 4337 749 4408 quod
766 4335 837 4391 idern
857 4339 907 4392 est.

353 4423 388 4479 46
425 4423 519 4478 dccccv
535 4424 569 4490 C,
587 4425 609 4480 P
629 4429 692 4495 post
709 4441 844 4488 rasuram,
864 4425 975 4476 δεινᾶεν
993 4424 1064 4475 ante.

354 4510 389 4566 49
426 4511 460 4564 οὐ
478 4513 538 4566 rfid'
558 4511 591 4566 cri
608 4513 641 4566 οὐ
659 4512 726 4566 crida
744 4515 821 4583 νέμει
839 4509 894 4566 PC.

354 4596 390 4654 50
424 4596 518 4665 κλιτὴν
538 4596 671 4673 δροσερὰν
689 4595 743 4652 PC.
780 4594 837 4652 οὔτ’
860 4595 911 4649 οὖν
931 4593 1106 4662 interpolavit
1123 4609 1145 4646 c.
