3666 5296
815 395 851 458 Π.
870 397 895 460 4
916 397 918 402 ’
1411 398 1463 458 173

246 579 353 642 nmen
378 573 483 644 visum
512 581 562 643 cst
590 576 764 644 secundum
790 597 846 644 eas
869 579 1034 644 instituere
1057 575 1275 659 quaestionem
1297 575 1464 644 didascali-

246 697 334 764 mm,
358 700 378 744 a
399 680 462 746 fine
484 681 570 746 vitae
593 681 636 746 ad
658 681 847 765 principium
869 681 1045 766 proiectos,
1065 679 1222 762 siquidem
1244 701 1266 744 a
1280 681 1465 750 clarioribus

245 781 290 846 ad
325 783 510 850 obscuriora
545 789 631 850 recte
666 785 825 850 transitur.
882 790 979 867 atquc
1013 785 1140 850 ultimas
1180 782 1310 866 quidem
1338 783 1464 854 fabulas

245 886 610 972 praetercundum,
642 907 725 970 quac
750 909 826 954 num
855 889 982 954 omniuo
1003 887 1137 954 Athenis
1167 886 1264 954 docta
1293 887 1335 954 sit
1364 889 1465 956 nesci-

246 1009 332 1074 mus,
351 989 433 1058 hacc
455 991 633 1058 didascalia
652 993 869 1077 conplectitur.

507 1096 603 1162 XXII
627 1085 803 1183 Ἰφιγένεια
815 1085 982 1180 Ἀλκμέων
1003 1089 1131 1176 Βάκχαι
1153 1117 1184 1180 n.

244 1202 414 1280 praetcrea
435 1200 545 1284 spuria
566 1200 737 1284 tetralogia
756 1200 842 1266 intra
863 1221 963 1269 annos
987 1206 1051 1265 410
1074 1205 1107 1266 et
1128 1206 1192 1264 406
1216 1199 1311 1266 docta
1330 1200 1465 1268 videtur.

245 1307 395 1368 secuntur

312 1405 390 1471 XVI
434 1413 497 1472 415
575 1397 790 1494 Ἀλέξανδρος
800 1400 1001 1495 Παλαμήδης
1014 1401 1314 1494 ΤρῳάδεςΣίσυφος
1326 1401 1466 1496 σάτυροι.

210 1523 212 1528 ’
297 1509 390 1574 XVII
434 1519 498 1576 413
574 1501 738 1598 Ἠλέκτρα.

283 1613 391 1680 XVIH
435 1623 499 1680 412
575 1605 779 1703 >Ανδρομέόοι
797 1612 917 1704 Ἑλένη.

313 1718 390 1784 XIX
434 1719 530 1804 411Js
580 1713 742 1803 Οἰνόμαος
773 1713 977 1806 Χρύσιππος
1013 1715 1236 1788 Φοίνισσαι..
1272 1715 1404 1809 σάτυροι
1428 1713 1465 1788 οό

642 1821 809 1911 σῴζονται.

326 1963 391 2028 XX
436 1963 530 2048 411l9
574 1954 742 2050 Ἰφιγένεια
763 1960 782 2051 ἡ
807 1959 840 2030 ἐν
865 1957 1005 2050 Ταύροις

312 2065 393 2132 XXI
436 2073 500 2132 408
576 2059 723 2156 Ὀρέστης

1068 1901 1236 2000 Ἀντιόπη.

1061 2011 1238 2108 Ὑψιπύλη.

1064 2109 1182 2200 Ἰξίων.

247 2230 418 2310 praeterea
455 2224 578 2291 eisdem
615 2226 706 2292 annis
742 2232 829 2292 certo
867 2223 1098 2292 adscribendae
1137 2230 1211 2292 sunt
1244 2223 1399 2307 Polyidus
1435 2230 1468 2290 et

247 2327 359 2411 Aupa,
391 2349 455 2395 non
489 2329 557 2396 sine
591 2329 817 2414 probabilitate
853 2328 995 2410 Oedipus
1031 2334 1063 2394 et
1096 2327 1291 2410 Melanippa
1330 2330 1466 2410 captiuo.

248 2433 363 2516 plenus
397 2433 495 2516 igitur
524 2440 611 2500 essct
639 2433 877 2518 tragoediarum
905 2451 1072 2515 uumerus,
1104 2432 1166 2498 nisi
1196 2438 1310 2514 quarto
1341 2452 1467 2516 quoque

247 2536 318 2602 loco
351 2536 519 2620 tragoedia
553 2537 630 2621 poni
658 2543 797 2621 poterat,
833 2535 919 2619 quod
948 2537 982 2602 in
1011 2535 1105 2618 Auga
1131 2535 1213 2601 adeo
1246 2535 1334 2601 haud
1361 2537 1467 2622 inpro-

251 2639 358 2706 babilc
392 2647 449 2709 est.
495 2639 581 2723 quod
615 2647 722 2706 autem
750 2639 938 2725 Euripidem
971 2645 1042 2706 octo
1076 2639 1170 2722 apuis
1203 2640 1275 2724 plus
1311 2659 1369 2706 sex
1394 2639 1467 2706 oho-

250 2763 304 2808 ros
332 2764 397 2809 non
426 2745 589 2829 accepisse
620 2744 732 2829 credo,
765 2745 910 2830 plerique
936 2743 1124 2829 probabunt.
1173 2764 1195 2808 a
1221 2742 1401 2822 Troadibus
1424 2741 1467 2808 ad

250 2847 418 2932 Supplices
440 2868 558 2931 magna
578 2848 646 2914 hiat
667 2849 790 2914 lacuna
833 2868 930 2914 unam
952 2853 1075 2913 tantum
1097 2846 1308 2932 tragoediam,
1331 2867 1466 2930 eamque

249 2971 314 3016 non
334 2951 460 3017 invictis
482 2952 657 3018 rationibus
679 2951 741 3017 huc
763 2951 964 3018 referendam
979 2952 1055 3018 novi
1069 2951 1196 3029 Ionem,
1218 2951 1355 3017 fortusse
1370 2951 1467 3016 etiam

250 3055 460 3140 Μιλιαριααι.
497 3056 551 3121 vix
574 3062 681 3122 tamen
700 3055 819 3122 indicia
833 3055 996 3142 deessent,
1020 3057 1048 3122 si
1062 3054 1232 3141 Euripides
1247 3055 1356 3140 plures
1371 3075 1466 3138 quam

249 3158 333 3224 hunc
355 3180 453 3226 unum
472 3161 650 3244 accepisset
672 3161 818 3246 chorum,
841 3181 936 3246 quem
958 3161 1004 3228 ita
1025 3167 1099 3226 noto

331 3263 393 3330 xv
437 3263 577 3348 reolus
611 3259 702 3330 Ἴων.

250 3369 396 3452 proxima
418 3375 450 3434 et
471 3369 608 3436 certiora
630 3376 702 3436 sunt
725 3376 758 3437 et
779 3369 882 3454 magis
904 3367 1132 3435 memorabilia.

301 3535 302 3538 ,
359 3473 392 3538 Χ
436 3480 500 3537 428
573 3467 783 3550 Ἱππόλυτος.

344 3577 392 3642 ΧΙ
436 3583 498 3642 427
574 3571 783 3663 Ἡρακλεῖδαι
806 3569 1023 3663 Κρεσφόντης.

330 3681 394 3746 XII
438 3681 534 3767 42514
573 3677 706 3768 Ἑκάβη.

313 3785 392 3850 XIII
435 3786 530 3870 423l2
572 3780 745 3872 Ἡρακλῆς.

313 3889 391 3955 XIV
435 3898 496 3956 421
572 3885 742 3976 Ἐρεχθεὺς
759 3875 921 3968 ‘ladmen
1261 3972 1262 3976 ρ

250 4001 420 4082 praeterea
446 3997 557 4081 primis
587 3995 681 4062 huius
711 3995 826 4062 acatis
854 3995 946 4062 annis
974 3993 1249 4090 Andromachum,
1280 3995 1333 4061 vel
1362 3995 1468 4079 potius

250 4100 409 4184 integram
423 4101 623 4185 tetralogicm
634 4099 818 4166 Democrati
833 4098 990 4166 concessit
1005 4098 1192 4184 docendam,
1215 4118 1297 4180 quae
1311 4100 1344 4164 in
1357 4097 1470 4180 viginti

249 4203 387 4278 duarum
419 4224 584 4270 numerum
604 4195 731 4270 ¹referri
768 4203 886 4287 nequit.
935 4203 1102 4286 Hippolyti
1135 4203 1287 4268 Hecubae
1321 4200 1469 4266 Herculis

251 4314 397 4394 tempora
419 4307 610 4374 definiuntur
632 4309 679 4374 eis
695 4327 777 4390 quae
792 4307 825 4372 in
840 4307 985 4389 catalogo
1002 4305 1171 4390 disputavi.
1208 4313 1242 4370 at
1256 4303 1469 4372 Erechtheum

252 4417 285 4476 et
306 4412 475 4497 Supplices
509 4413 577 4480 sine
608 4432 707 4478 eausa
733 4411 787 4476 uni
815 4411 1003 4493 tetralogiac
1025 4409 1206 4476 vindicasse
1229 4408 1349 4474 videor.
1393 4427 1469 4472 narn

252 4535 314 4582 non
345 4523 451 4602 potest
483 4517 579 4583 certis
611 4516 785 4582 rationibus
808 4514 953 4598 probari;
981 4507 1131 4578 iudicium
1160 4513 1192 4578 in
1213 4532 1308 4578 sensu
1329 4510 1468 4594 quodam
