3626 5288
789 417 826 474 11.
846 416 872 473 2.
1396 421 1448 478 145

229 585 409 670 spuriarum
445 587 684 672 tragoediamm
720 589 867 674 praebet,
915 587 1057 674 spuriam
1094 590 1267 675 satyricam
1303 591 1446 678 ignorat3

231 695 370 754 ceterum
399 689 516 758 fabulis
547 692 674 778 scriptis
701 691 782 758 bene
811 691 945 777 opponit
972 698 1134 777 servatas,
1165 700 1199 758 at
1219 715 1283 760 non
1304 713 1364 780 per
1386 696 1448 762 sin-

230 792 306 875 gula
326 793 455 860 nomina
477 793 619 879 digestas
643 794 701 861 sed
723 816 764 860 ex
779 801 916 881 conputo
931 794 1016 861 iusto
1033 796 1237 881 septuaginta
1251 804 1322 864 octo
1338 797 1448 866 dietas.

230 895 456 983 Moschopulus
491 905 523 964 et
551 897 668 976 Surdas
697 898 867 964 discrimen
895 898 978 963 inter
1001 898 1137 984 scriptas
1161 905 1193 964 et
1220 907 1364 967 servatas
1386 921 1450 968 non

232 1007 398 1085 oeperunt,
421 1002 529 1084 itaque
552 1001 732 1069 dissensum
754 1001 1034 1086 grammaticorum
1056 1000 1141 1066 tradi
1163 1002 1349 1088 credebant,
1371 1023 1448 1087 quo·

231 1122 300 1167 rum
328 1103 363 1168 hi
384 1105 558 1190 nonaginta
579 1104 660 1172 duas
681 1106 728 1170 illi
751 1105 955 1190 septuaginta
976 1105 1115 1188 quinque
1138 1104 1274 1190 scriptas
1297 1104 1449 1193 dicerent,

232 1207 286 1288 qni
306 1227 456 1276 numerus
479 1229 514 1274 re
536 1229 614 1275 vera
636 1209 790 1294 genuinas
811 1208 937 1274 fabulas
960 1207 1184 1293 conplectitur,
1214 1208 1343 1294 spuriae
1365 1217 1450 1296 saty-

231 1297 333 1395 ricae,
364 1311 469 1395 quade
497 1334 561 1378 non
589 1313 636 1378 ita
662 1319 811 1378 constans
840 1311 940 1406 fuisse
962 1309 1114 1376 iudicium
1136 1310 1232 1377 ctiam
1255 1331 1295 1377 ex
1320 1321 1336 1376 1
1360 1312 1450 1379 intel-

231 1413 364 1500 legitur,
388 1417 509 1482 ratione
532 1437 596 1482 non
618 1403 743 1481 habita
781 1415 868 1498 quod
889 1435 966 1481 vero
988 1415 1053 1480 iam
1075 1421 1213 1500 pergunt
1234 1410 1393 1496 σώζονται
1414 1414 1451 1482 δὲ

232 1516 276 1595 οξ
303 1539 343 1583 ea
369 1519 466 1584 animi
492 1520 703 1608 perversitate
728 1518 884 1604 fecemnt,
918 1538 1000 1602 quae
1022 1519 1207 1603 Byzantinis
1232 1517 1383 1587 divinitus
1404 1519 1450 1586 in-

234 1620 295 1686 sita
317 1628 382 1688 est:
398 1623 520 1708 ¹plures
544 1623 627 1689 enim
648 1623 775 1688 fabulas
798 1628 943 1689 servatas
966 1641 1062 1703 quam
1084 1621 1221 1707 scriptas
1243 1620 1360 1688 dicunt.
1406 1617 1451 1704 οξ

234 1724 294 1790 etsi
316 1724 454 1807 quodam
475 1726 571 1792 modo
588 1746 628 1792 ex
643 1727 790 1810 neglecta
805 1725 945 1811 satyrica
960 1725 1113 1810 explicari
1126 1725 1240 1810 possit,
1263 1747 1327 1792 non
1341 1724 1451 1794 dubito

234 1848 274 1893 ex
296 1827 343 1915 oq'
366 1837 548 1915 corruptum
570 1829 685 1896 dicere.
731 1829 871 1896 Thomas
893 1835 1064 1914 postquam
1083 1828 1273 1913 scriptarum
1286 1849 1452 1896 numerum

234 1938 319 1998 reete
351 1933 474 2018 posuit,
509 1933 635 2000 omissis
660 1932 876 2000 intericiendis
908 1932 1117 2017 satyricamm
1144 1951 1324 2018 numerum,
1358 1953 1453 2016 quem

234 2042 395 2118 tamquam
417 2036 501 2102 iusto
516 2036 672 2102 minorem
686 2036 869 2119 mirabatur,
888 2035 1072 2120 adscripsit.
1105 2023 1209 2100 Varro
1224 2034 1362 2119 denique
1376 2036 1452 2102 levi-

234 2144 282 2203 ter
310 2139 455 2225 inspeota
488 2137 601 2204 eadem
630 2159 694 2222 qua
721 2159 781 2206 nos
810 2139 928 2204 utimur
957 2139 1025 2204 vita
1046 2136 1089 2203 ad
1111 2137 1248 2204 eundem
1271 2146 1453 2225 computum

235 2239 375 2327 devenit,
398 2262 494 2325 quem
515 2243 574 2310 sub
599 2251 617 2307 2
641 2242 791 2326 vidimus,
814 2242 876 2308 nisi
896 2242 979 2307 forte
1001 2240 1137 2309 eundem
1158 2241 1223 2306 iam
1245 2242 1278 2308 in
1302 2243 1463 2328 exemplo'

235 2364 293 2411 suo
315 2347 465 2433 repperit
652 2391 655 2398 -

321 2450 410 2516 Nihil
431 2450 528 2534 igitur
550 2451 683 2534 certius,
712 2449 792 2514 nihil
813 2449 917 2534 magis
939 2448 1208 2516 consentientibus
1230 2449 1365 2517 testibus
1389 2458 1452 2515 tra

235 2552 335 2618 ditum
358 2574 453 2637 quam
475 2554 516 2620 ab
538 2553 763 2620 Alexandrinis
784 2553 818 2618 in
840 2553 1004 2637 catalogos
1026 2553 1145 2618 relatas
1168 2571 1240 2618 csse
1262 2552 1424 2638 Euripidis

452 2657 636 2742 tragoedias
659 2657 813 2742 genuum
869 2706 1145 2722 ......
1192 2663 1232 2721 67

454 2760 638 2846 tragoedias
660 2762 786 2848 spurias
819 2809 1146 2826 .......
1218 2767 1236 2824 3
1303 2749 1308 2758 ’

454 2865 611 2950 satyricos
634 2866 787 2949 genuinas
819 2913 1149 2929 .......
1216 2869 1237 2928 7

456 2971 629 3054 satyricam
652 2969 794 3054 spuriam
823 3017 1149 3033 .......
1159 2975 1262 3066 —l—

1193 3085 1210 3142 7
1216 3083 1235 3139 8

239 3181 374 3267 scriptas
408 3187 516 3248 autem
543 3181 720 3266 nonaginta
749 3181 831 3248 duas
862 3179 966 3246 eidem
999 3179 1241 3266 perhibuemnt3
1267 3179 1287 3244 i.
1311 3199 1337 3244 e.
1359 3183 1455 3244 tetra-

170 3289 173 3296 '
239 3283 341 3368 logias
368 3285 482 3369 viginti
504 3292 584 3371 tres,
611 3293 647 3351 ut
668 3285 837 3352 Elmsleius
860 3283 1035 3352 rectissime
1059 3283 1156 3367 dixit,
1191 3303 1271 3366 quas
1293 3281 1327 3346 in
1349 3279 1455 3347 didas-

239 3387 329 3454 calfis
342 3409 344 3412 ·
357 3389 545 3454 invenerant
574 3396 785 3456 enumeratas.
830 3395 864 3453 at
891 3387 953 3453 hac
974 3389 1008 3452 in
1029 3407 1065 3452 re
1087 3406 1200 3472 parum
1222 3384 1307 3451 cauti
1327 3383 1455 3449 fuerunt

239 3492 449 3576 grammatici,
484 3492 574 3558 obliti
602 3493 737 3576 scilicet,
772 3492 869 3557 etiam
895 3511 953 3576 per
979 3490 1059 3556 alios
1089 3490 1130 3554 ab
1155 3487 1310 3572 Euripide
1330 3486 1456 3553 fabulas

239 3592 349 3661 doctas
372 3615 458 3679 esse,
488 3596 577 3660 velut
597 3594 868 3678 Andromacham,
892 3593 978 3676 quod
998 3594 1032 3658 in
1055 3590 1280 3657 commentario
1303 3589 1352 3668 ad¹
1368 3589 1456 3654 illam

238 3695 378 3763 fabulam
399 3698 462 3783 ipsi
483 3705 687 3782 monuerunt,
716 3705 772 3762 aut
793 3697 985 3763 Archelaum
1007 3695 1116 3761 Pellae
1146 3691 1274 3758 demum
1295 3691 1455 3777 scriptam

325 3801 370 3866 Ut
396 3802 522 3867 omnino
549 3801 620 3867 ficri
640 3801 761 3885 nequit,
790 3808 826 3866 ut
848 3799 1021 3883 quidquam
1048 3796 1090 3862 de
1112 3795 1159 3862 eis
1180 3794 1355 3879 tragoediis
1377 3795 1457 3861 scia·

239 3923 324 3988 mus,
348 3925 430 3988 quae
452 3912 526 3970 ante
549 3889 784 3971 Alexandrinos
806 3905 983 3989 perierunt,
1012 3901 1058 3966 ita
1078 3898 1207 3964 nomina
1229 3917 1339 3964 earum
1361 3918 1456 3980 quae-

240 4007 341 4073 renda
376 4029 440 4074 non
474 4015 555 4076 sunt.
606 4008 753 4074 novimus
786 4007 926 4073 Rhesum
958 4005 999 4070 ab
1032 4001 1185 4087 Euripide
1217 3999 1456 4067 adulescentulo

240 4109 367 4176 doctam
389 4131 475 4197 esse,
506 4119 538 4178 et
561 4131 601 4178 ex
622 4110 819 4197 perditarum
842 4109 1051 4195 satyricarum
1072 4103 1271 4170 multitudine
1297 4097 1458 4190 Θεριστάς

240 4233 312 4279 cum
333 4213 460 4281 Medea'
478 4214 606 4281 doctam
635 4213 812 4280 didascalia
837 4213 983 4298 praebet,
1018 4210 1151 4275 alteram
1180 4207 1264 4272 infra
1285 4204 1457 4273 addemus:

241 4325 274 4382 at
303 4319 381 4383 talia
409 4318 539 4384 minoris
573 4318 668 4404 pretii
690 4323 770 4384 sunt
815 4323 851 4381 ut
873 4315 955 4381 enim
978 4310 1163 4398 concedam,
1190 4309 1261 4376 fieri
1281 4329 1394 4396 posse,
1423 4315 1460 4374 ut

238 4421 312 4506 ipsa
333 4421 496 4506 Euripidis
526 4429 632 4488 aetate
653 4420 763 4486 fabula
784 4439 859 4486 mox
881 4417 1062 4484 oblitterata
1083 4416 1217 4480 multum
1238 4413 1386 4498 valuerit,
1412 4411 1460 4498 (et

239 4544 303 4590 non
332 4525 425 4592 unius
454 4525 604 4592 versiculi
634 4524 746 4592 comici
773 4522 982 4590 meminerunt
1011 4539 1105 4604 quem
1126 4518 1325 4603 grammatici
1345 4521 1460 4603 postea

285 4647 479 4692 Wllamowlta
489 4641 728 4700 -ltocllsudorii,
744 4647 858 4688 Analecta
870 4641 1002 4695 Euripides.
1201 4629 1241 4692 10
