3666 5296
370 415 425 488 '210
927 415 1021 485 1111.

370 611 466 690 poeta
495 604 590 670 valde
616 605 830 671 memorabilis
858 611 919 689 est,
952 625 1016 688 qua
1042 604 1140 670 Amor
1166 606 1251 671 Iovis
1277 603 1475 688 Venerisque
1504 603 1589 668 fihus

371 709 550 793 dicebatur3
587 710 734 775 nimirum
762 709 847 792 quod
872 709 957 794 patri
982 710 1016 773 in
1040 709 1139 774 filiam
1164 729 1320 775 novercae
1352 711 1386 774 in
1409 709 1590 794 privignum

370 813 474 879 licere.
519 835 583 880 non
605 813 713 880 dubito
735 815 819 880 enim
841 813 985 897 quamvis
1007 814 1129 898 primus
1149 813 1211 879 hoc
1233 814 1276 880 ad
1295 813 1444 879 Velatum
1460 813 1589 878 reterre.

371 917 481 984 scribit
503 918 589 1004 apud
612 917 761 985 Ovidium
783 917 945 984 Phaedra:

508 1067 510 1073 '
543 1057 686 1143 Iuppiter
708 1077 780 1122 esse
801 1057 890 1141 pium
912 1056 1022 1122 statuit
1045 1055 1264 1138 quodcumque
1286 1056 1420 1140 iuvaret,

588 1161 690 1228 atlas
713 1181 806 1227 omne
824 1161 901 1227 lacit
922 1161 1021 1226 fratre
1043 1161 1159 1226 marita
1178 1181 1276 1227 soror.

438 1273 499 1332 135
544 1267 600 1332 illa
623 1267 686 1332 coit
707 1265 799 1331 firma
820 1266 947 1350 generis
970 1266 1115 1331 iunctura
1137 1272 1259 1350 catena,
1319 1249 1321 1257 ’

587 1371 726 1457 inposuit
748 1369 849 1437 nodos
871 1371 923 1436 oui
946 1369 1052 1436 Venus
1075 1370 1147 1455 ipsa
1169 1391 1253 1436 suos.

370 1508 452 1592 quae
474 1508 716 1593 languidissima
738 1515 812 1574 sunt
833 1509 894 1574 nisi
916 1509 1001 1574 illius
1024 1507 1065 1573 de
1087 1509 1215 1574 Amoris
1237 1507 1441 1591 generatione
1460 1506 1588 1572 fabulae

369 1613 589 1680 reminisceris.
635 1614 725 1680 cuius
757 1612 831 1678 inde
865 1634 886 1678 a
917 1611 1100 1695 Musgravio
1131 1613 1194 1676 tria
1221 1611 1340 1677 adferri
1370 1611 1473 1676 solent
1502 1611 1588 1676 testi-

369 1718 483 1782 monia.
528 1718 664 1802 primum
685 1717 854 1802 Laetantii‚
877 1717 897 1782 1.
922 1737 948 1782 1.
972 1715 1138 1782 enchiridii
1160 1715 1381 1802 mythologici,
1405 1716 1494 1782 euius
1509 1715 1588 1780 noti-

368 1823 415 1887 tia
445 1822 553 1888 111110
591 1841 652 1904 quo
686 1823 787 1888 rivulo
821 1821 864 1886 ad
893 1821 1092 1886 Lactantium
1124 1821 1260 1886 devenit.
1306 1820 1441 1885 alterum
1472 1826 1588 1904 poetae

369 1924 485 1992 ovidio
517 1927 660 2008 aequalis
687 1925 745 1992 sed
767 1927 916 1992 abstrusa
946 1925 1090 1992 doctrina
1111 1925 1275 2010 pueriliter
1297 1925 1477 2009 gestientis,
1502 1923 1584 1989 Ciris

368 2051 414 2096 vs.
437 2037 512 2115 134,
536 2038 569 2096 11
591 2031 717 2097 tertium
739 2030 901 2114 Euripidis
924 2037 985 2115 est,
1008 2029 1233 2115 Euripidisque
1255 2030 1288 2094 in
1303 2029 1478 2114 Hippolyto
1499 2049 1587 2095 coro-

368 2134 469 2201 111110
494 2141 566 2200 521
611 2135 693 2200 scitu
723 2135 853 2218 dignum
888 2141 949 2219 est,
983 2135 1090 2218 turpia
1119 2134 1160 2199 ab
1189 2133 1342 2220 Euripide
1369 2155 1434 2200 non
1464 2134 1587 2198 abiecta

369 2225 499 2304 omnino¹
519 2259 604 2323 esse,
628 2258 700 2303 cum
722 2238 971 2324 displicuissent,
995 2238 1054 2304 sed
1075 2239 1121 2303 ita
1142 2239 1309 2303 immutata
1328 2245 1360 2303 et
1375 2259 1413 2303 eo
1428 2239 1499 2304 loeo
1516 2257 1587 2302 con—

370 2343 482 2428 locata,
498 2351 533 2408 ut
548 2342 676 2408 laedere
691 2343 846 2428 pudorem
861 2364 924 2409 non
939 2350 1078 2428 possent.
1117 2363 1176 2408 nee
1191 2363 1267 2408 vero
1282 2343 1518 2426 intellegeretur
1532 2361 1588 2406 eur

369 2446 579 2513 Athenienses
607 2446 819 2532 turpitudines
839 2447 1006 2532 Hippolyti
1028 2447 1280 2530 abhorruissent,
1305 2447 1333 2511 11
1353 2446 1433 2511 nihil
1456 2447 1586 2530 gravius

369 2551 574 2618 continuisset
596 2572 692 2634 quam
714 2550 800 2634 quod
813 2551 964 2617 Phaedra
985 2551 1087 2616 amori
1108 2551 1288 2634 indulgeret
1310 2557 1365 2615 aut
1379 2550 1587 2636 Hippolytum

368 2676 569 2740 corrumpere
603 2655 761 2721 studeret:
797 2655 837 2720 ab
864 2655 925 2721 hoc
956 2655 1040 2721 enim
1060 2675 1101 2720 ne
1124 2655 1299 2740 Sophocles
1322 2654 1463 2740 quidem,
1493 2674 1587 2738 quem

368 2760 580 2826 castissimum
601 2758 802 2844 praedicant,
832 2759 993 2825 abstineut.

453 2897 568 2963 Mutati
589 2897 716 2963 suntin
737 2897 938 2964 honestatem
959 2896 1126 2962 Phaedrae
1148 2917 1253 2978 mores
1267 2897 1301 2962 in
1318 2895 1512 2962 Coronifero.
1551 2902 1584 2960 at

368 3003 548 3084 quatenus?
590 3003 618 3068 si
639 2991 947 3086 praestantissimum
966 3021 1123 3085 quemque
1145 3001 1237 3067 audis
1259 3001 1314 3084 qui
1335 3000 1409 3068 inde
1432 3022 1453 3065 a
1476 2999 1585 3065 Schle-

367 3107 450 3190 gelio
473 3105 514 3172 de
536 3107 711 3192 Hippolyto
735 3105 909 3192 disputavit
931 3105 1035 3194 (plebs
1059 3107 1142 3171 enim
1161 3106 1242 3172 tales
1258 3105 1461 3189 quaestiones
1478 3105 1584 3188 negle-

366 3231 443 3294 gere
477 3210 586 3298 solet),
629 3210 738 3276 insons
773 3217 822 3277 est
850 3209 1012 3300 Phaedra,
1043 3211 1189 3276 convenit
1216 3210 1246 3276 ei
1275 3230 1346 3275 cum
1374 3210 1511 3294 nutrice,
1552 3214 1586 3272 ut

366 3314 598 3380 medicamento
627 3335 768 3382 amorem
796 3321 926 3400 pectore
953 3335 1011 3381 suo
1041 3315 1196 3400 expellat,
1231 3313 1430 3399 decipitur-a
1451 3313 1584 3396 nutrice,

366 3419 457 3504 perit.
510 3419 565 3502 qui
600 3425 711 3485 eontra
739 3419 823 3484 hanc
856 3419 1045 3486 sententiam
1074 3419 1284 3504 disputaverit
1313 3418 1472 3484 neminem
1501 3416 1585 3482 novi.

366 3530 472 3588 tamen
491 3543 544 3590 res
567 3523 752 3590 difficillima
774 3531 835 3609 est,
858 3545 917 3590 nec
940 3522 1046 3588 dirimi
1067 3529 1189 3608 potest,
1212 3523 1274 3589 nisi
1301 3521 1453 3588 adcurate
1469 3521 1585 3586 exami-

365 3634 442 3693 nata
465 3648 581 3693 scaena
603 3632 643 3694 ea
664 3649 746 3712 quae
762 3629 893 3694 nutricis
909 3648 981 3692 cum
996 3627 1171 3714 Hippolyto
1190 3627 1391 3710 conloquium
1405 3623 1585 3712 praecedit;

366 3733 480 3814 quibus
504 3733 587 3798 enim
608 3739 776 3818 praeterea
795 3731 964 3798 Phaedrae
995 3730 1064 3798 sive
1086 3732 1205 3797 crimen
1228 3731 1295 3798 sive
1318 3751 1407 3796 error
1430 3729 1584 3816 significa-

366 3843 431 3921 tur‚
465 3837 614 3922 ambigua
645 3844 725 3903 sunt.
771 3837 879 3902 Venus
903 3858 974 3902 earn
997 3827 1586 3919 εὐκλεῶς110111111111111111111-

366 3941 408 4006 cit
431 3947 485 4025 47,
509 3940 595 4023 quod
617 3940 767 4006 Phaedra
788 3947 885 4026 negat
910 3947 971 4006 687
977 3991 983 4004 .
1027 3940 1135 4004 Diana
1148 3935 1273 4020 τρόπον
1288 3937 1361 4004 τινὰ
1377 3935 1584 4022 γενναιότητα

283 4041 285 4046 ’
365 4044 395 4110 11
429 4043 580 4110 adtribuit
604 4053 697 4110 1300.
742 4045 910 4111 Phaedrae
945 4045 1045 4130 ipsius
1072 4044 1173 4110 verba
1198 4065 1281 4127 quae
1300 4043 1422 4108 nutrice
1444 4043 1486 4107 ab
1507 4041 1584 4126 Hip-

364 4149 474 4236 polyto
506 4148 675 4236 repudiata
701 4149 785 4215 canit
815 4157 878 4214 670
908 4149 1024 4216 misere
1052 4155 1202 4235 corrupta
1231 4155 1317 4234 sunt,
1352 4148 1478 4232 integra
1508 4146 1585 4230 legit

365 4253 538 4320 scholiasta
560 4254 584 4318 I.
611 4260 682 4338 154,
707 4261 736 4318 4.
776 4259 850 4330 πῶς
879 4252 956 4319 καθ’
979 4251 1116 4318 ἕκαστον
1138 4251 1258 4336 δεσμὸν
1281 4247 1475 4338 κατηγορίας
1497 4246 1584 4314 01πο-

364 4353 531 4440 lantperto
563 4355 604 4422 τὰ
635 4351 816 4446 ἐγκλήματα
846 4363 904 4422 τοῦ
926 4351 1122 4422 Ἱππολύτου
1152 4357 1329 4443 οφαλεῖοαι
1359 4359 1418 4444 τῆς
1441 4350 1584 4432 ἐλπίδος,

364 4451 404 4525 δι’
439 4452 476 4547 ἧς
510 4461 760 4547 προσεδοκῶμεν
794 4465 909 4526 πεῖσαι
944 4453 1039 4526 αὐτὸν
1071 4458 1129 4525 ἐπὶ
1162 4458 1219 4548 τὴν
1249 4454 1416 4546 ἁμαρτίαν.
1469 4458 1583 4525 chorus

365 4567 472 4648 paullo
493 4565 577 4631 infra
600 4565 676 4631 dicit
