<?xml version="1.0" encoding="UTF-8"?>
<!DOCTYPE html PUBLIC "-//W3C//DTD XHTML 1.0 Transitional//EN"
    "http://www.w3.org/TR/xhtml1/DTD/xhtml1-transitional.dtd">
<html xmlns="http://www.w3.org/1999/xhtml" xml:lang="en" lang="en">
 <head>
  <title>
</title>
<meta http-equiv="Content-Type" content="text/html;charset=utf-8" />
  <meta name='ocr-system' content='tesseract 3.04.00' />
  <meta name='ocr-capabilities' content='ocr_page ocr_carea ocr_par ocr_line ocrx_word'/>
</head>
<body>
  <div class='ocr_page' id='page_1' title='image "./analectaevripid00moegoog_0198.png"; bbox 0 0 3666 5296; ppageno 0'>
   <div class='ocr_carea' id='block_1_1' title="bbox 826 401 1471 460">
    <p class='ocr_par' dir='ltr' id='par_1_1' title="bbox 826 401 1471 460">
     <span class='ocr_line' id='line_1_1' title="bbox 826 401 1471 460; baseline 0.002 -3"><span class='ocrx_word' id='word_1_1' title='bbox 826 401 861 456; x_wconf 91' lang='lat' dir='ltr'><strong>ll.</strong></span> <span class='ocrx_word' id='word_1_2' title='bbox 880 403 905 458; x_wconf 89' lang='grc'><strong>6.</strong></span> <span class='ocrx_word' id='word_1_3' title='bbox 1419 404 1471 460; x_wconf 89' lang='grc'><strong>189</strong></span> 
     </span>
    </p>
   </div>
   <div class='ocr_carea' id='block_1_2' title="bbox 249 571 1479 4620">
    <p class='ocr_par' dir='ltr' id='par_1_2' title="bbox 263 571 1470 973">
     <span class='ocr_line' id='line_1_2' title="bbox 263 571 1470 660; baseline 0.004 -23"><span class='ocrx_word' id='word_1_4' title='bbox 263 571 370 638; x_wconf 82' lang='lat' dir='ltr'><strong>animo</strong></span> <span class='ocrx_word' id='word_1_5' title='bbox 391 572 483 640; x_wconf 89' lang='lat' dir='ltr'><strong>nobis</strong></span> <span class='ocrx_word' id='word_1_6' title='bbox 502 572 784 641; x_wconf 85' lang='lat' dir='ltr'><strong>informaverimus.</strong></span> <span class='ocrx_word' id='word_1_7' title='bbox 821 574 909 658; x_wconf 88' lang='lat' dir='ltr'><strong>atqui</strong></span> <span class='ocrx_word' id='word_1_8' title='bbox 922 571 1068 640; x_wconf 87' lang='lat' dir='ltr'><strong>Herculis</strong></span> <span class='ocrx_word' id='word_1_9' title='bbox 1088 571 1187 638; x_wconf 88' lang='lat' dir='ltr'><strong>verba</strong></span> <span class='ocrx_word' id='word_1_10' title='bbox 1201 591 1241 638; x_wconf 87' lang='lat' dir='ltr'><strong>ex</strong></span> <span class='ocrx_word' id='word_1_11' title='bbox 1255 573 1350 660; x_wconf 86' lang='lat' dir='ltr'><strong>Auga</strong></span> <span class='ocrx_word' id='word_1_12' title='bbox 1364 575 1470 642; x_wconf 87' lang='lat' dir='ltr'><strong>etiam-</strong></span> 
     </span>
     <span class='ocr_line' id='line_1_3' title="bbox 263 677 716 762; baseline 0.009 -22"><span class='ocrx_word' id='word_1_13' title='bbox 263 695 345 742; x_wconf 90' lang='lat' dir='ltr'><strong>nunc</strong></span> <span class='ocrx_word' id='word_1_14' title='bbox 368 683 537 762; x_wconf 78' lang='lat' dir='ltr'><strong>supersunt</strong></span> <span class='ocrx_word' id='word_1_15' title='bbox 553 677 629 762; x_wconf 83' lang='lat' dir='ltr'><strong>lgm.</strong></span> <span class='ocrx_word' id='word_1_16' title='bbox 654 687 716 746; x_wconf 80' lang='lat'><strong>267</strong></span> 
     </span>
     <span class='ocr_line' id='line_1_4' title="bbox 481 773 1219 869; baseline 0.001 -24"><span class='ocrx_word' id='word_1_17' title='bbox 481 785 536 846; x_wconf 80' lang='grc' dir='ltr'><strong>νῦν</strong></span> <span class='ocrx_word' id='word_1_18' title='bbox 556 782 583 847; x_wconf 83' lang='lat' dir='ltr'><strong>d’</strong></span> <span class='ocrx_word' id='word_1_19' title='bbox 607 773 695 860; x_wconf 79' lang='grc' dir='ltr'><strong><em>οἶνος</em></strong></span> <span class='ocrx_word' id='word_1_20' title='bbox 717 779 869 869; x_wconf 76' lang='grc' dir='ltr'><strong><em>ἑξέστησέ</em></strong></span> <span class='ocrx_word' id='word_1_21' title='bbox 889 783 932 865; x_wconf 85' lang='grc' dir='ltr'><strong>μ’,</strong></span> <span class='ocrx_word' id='word_1_22' title='bbox 954 777 1100 866; x_wconf 75' lang='grc' dir='ltr'><em>ὁμολογῶ</em></span> <span class='ocrx_word' id='word_1_23' title='bbox 1123 779 1160 846; x_wconf 78' lang='grc' dir='ltr'><strong>δέ</strong></span> <span class='ocrx_word' id='word_1_24' title='bbox 1182 803 1219 847; x_wconf 82' lang='grc' dir='ltr'><strong>σε</strong></span> 
     </span>
     <span class='ocr_line' id='line_1_5' title="bbox 481 876 1266 973; baseline 0 -23"><span class='ocrx_word' id='word_1_25' title='bbox 481 876 620 951; x_wconf 78' lang='grc' dir='ltr'><em>ἀδικεῖν·</em></span> <span class='ocrx_word' id='word_1_26' title='bbox 641 884 679 953; x_wconf 80' lang='grc' dir='ltr'><strong>τὸ</strong></span> <span class='ocrx_word' id='word_1_27' title='bbox 699 885 727 952; x_wconf 83' lang='lat' dir='ltr'><strong>d&#39;</strong></span> <span class='ocrx_word' id='word_1_28' title='bbox 749 877 879 973; x_wconf 72' lang='grc' dir='ltr'><strong><em>ἀδίκημ’</em></strong></span> <span class='ocrx_word' id='word_1_29' title='bbox 902 883 1014 970; x_wconf 75' lang='grc' dir='ltr'><strong><em>ἐγένετ’</em></strong></span> <span class='ocrx_word' id='word_1_30' title='bbox 1037 880 1092 966; x_wconf 72' lang='grc' dir='ltr'><strong>οὐχ</strong></span> <span class='ocrx_word' id='word_1_31' title='bbox 1110 879 1266 950; x_wconf 71' lang='grc' dir='ltr'><em>ἑκούσιον.</em></span> 
     </span>
    </p>

    <p class='ocr_par' dir='ltr' id='par_1_3' title="bbox 255 987 1476 2430">
     <span class='ocr_line' id='line_1_6' title="bbox 265 987 1475 1075; baseline 0.005 -23"><span class='ocrx_word' id='word_1_32' title='bbox 265 987 409 1055; x_wconf 89' lang='lat' dir='ltr'><strong>obtortae</strong></span> <span class='ocrx_word' id='word_1_33' title='bbox 428 989 554 1075; x_wconf 89' lang='lat' dir='ltr'><strong>rationi,</strong></span> <span class='ocrx_word' id='word_1_34' title='bbox 586 1011 650 1073; x_wconf 91' lang='lat' dir='ltr'><strong>qua</strong></span> <span class='ocrx_word' id='word_1_35' title='bbox 670 991 750 1058; x_wconf 90' lang='lat' dir='ltr'><strong>haec</strong></span> <span class='ocrx_word' id='word_1_36' title='bbox 770 991 870 1057; x_wconf 83' lang='lat' dir='ltr'><strong>verba</strong></span> <span class='ocrx_word' id='word_1_37' title='bbox 891 989 1003 1074; x_wconf 83' lang='lat' dir='ltr'><strong>Angue</strong></span> <span class='ocrx_word' id='word_1_38' title='bbox 1022 989 1167 1056; x_wconf 88' lang='lat' dir='ltr'><strong>Herculis</strong></span> <span class='ocrx_word' id='word_1_39' title='bbox 1186 989 1304 1056; x_wconf 87' lang='lat' dir='ltr'><strong>dictum</strong></span> <span class='ocrx_word' id='word_1_40' title='bbox 1326 991 1475 1058; x_wconf 78' lang='lat' dir='ltr'><strong>referenti</strong></span> 
     </span>
     <span class='ocr_line' id='line_1_7' title="bbox 265 1091 1472 1180; baseline 0.002 -22"><span class='ocrx_word' id='word_1_41' title='bbox 265 1091 475 1178; x_wconf 82' lang='lat' dir='ltr'><strong>vindicantur,</strong></span> <span class='ocrx_word' id='word_1_42' title='bbox 496 1094 551 1160; x_wconf 82' lang='lat' dir='ltr'><strong>vix</strong></span> <span class='ocrx_word' id='word_1_43' title='bbox 571 1095 737 1178; x_wconf 88' lang='lat' dir='ltr'><strong>quisquam</strong></span> <span class='ocrx_word' id='word_1_44' title='bbox 759 1094 912 1160; x_wconf 80' lang='lat' dir='ltr'><strong>adsentiri</strong></span> <span class='ocrx_word' id='word_1_45' title='bbox 925 1094 1010 1160; x_wconf 89' lang='lat' dir='ltr'><strong>velit.</strong></span> <span class='ocrx_word' id='word_1_46' title='bbox 1049 1093 1164 1159; x_wconf 91' lang='lat' dir='ltr'><strong>deinde</strong></span> <span class='ocrx_word' id='word_1_47' title='bbox 1178 1094 1263 1180; x_wconf 89' lang='lat' dir='ltr'><strong>apud</strong></span> <span class='ocrx_word' id='word_1_48' title='bbox 1278 1095 1472 1180; x_wconf 90' lang='lat' dir='ltr'><strong>Hesychium</strong></span> 
     </span>
     <span class='ocr_line' id='line_1_8' title="bbox 265 1191 1474 1287; baseline 0.005 -27"><span class='ocrx_word' id='word_1_49' title='bbox 265 1196 417 1264; x_wconf 81' lang='lat' dir='ltr'><strong>abstersis</strong></span> <span class='ocrx_word' id='word_1_50' title='bbox 439 1199 561 1265; x_wconf 83' lang='lat' dir='ltr'><strong>levibus</strong></span> <span class='ocrx_word' id='word_1_51' title='bbox 582 1199 714 1264; x_wconf 90' lang='lat' dir='ltr'><strong>maculis</strong></span> <span class='ocrx_word' id='word_1_52' title='bbox 735 1199 815 1264; x_wconf 90' lang='lat' dir='ltr'><strong>haec</strong></span> <span class='ocrx_word' id='word_1_53' title='bbox 835 1199 982 1282; x_wconf 92' lang='lat' dir='ltr'><strong>leguntur</strong></span> <span class='ocrx_word' id='word_1_54' title='bbox 996 1193 1092 1285; x_wconf 81' lang='grc' dir='ltr'><strong><em>κέρας</em></strong></span> <span class='ocrx_word' id='word_1_55' title='bbox 1108 1191 1224 1285; x_wconf 68' lang='grc' dir='ltr'><strong><em>ὄρθιον</em></strong></span> <span class='ocrx_word' id='word_1_56' title='bbox 1237 1194 1257 1286; x_wconf 78' lang='grc' dir='ltr'>ἡ</span> <span class='ocrx_word' id='word_1_57' title='bbox 1271 1198 1365 1286; x_wconf 79' lang='grc' dir='ltr'><em>νευρὰ</em></span> <span class='ocrx_word' id='word_1_58' title='bbox 1378 1191 1474 1287; x_wconf 78' lang='grc' dir='ltr'><em>Εὐρι-</em></span> 
     </span>
     <span class='ocr_line' id='line_1_9' title="bbox 255 1295 1472 1390; baseline 0.007 -28"><span class='ocrx_word' id='word_1_59' title='bbox 255 1295 366 1388; x_wconf 73' lang='grc' dir='ltr'><strong><em>πίδης</em></strong></span> <span class='ocrx_word' id='word_1_60' title='bbox 398 1298 483 1387; x_wconf 79' lang='grc' dir='ltr'><em>λέγει</em></span> <span class='ocrx_word' id='word_1_61' title='bbox 514 1299 623 1390; x_wconf 75' lang='grc' dir='ltr'><em>Αὔγῃ·</em></span> <span class='ocrx_word' id='word_1_62' title='bbox 663 1303 733 1386; x_wconf 93' lang='lat' dir='ltr'><strong>quis</strong></span> <span class='ocrx_word' id='word_1_63' title='bbox 767 1322 916 1386; x_wconf 91' lang='lat' dir='ltr'><strong>umquam</strong></span> <span class='ocrx_word' id='word_1_64' title='bbox 954 1322 1048 1369; x_wconf 90' lang='lat' dir='ltr'><strong>arcus</strong></span> <span class='ocrx_word' id='word_1_65' title='bbox 1072 1323 1187 1369; x_wconf 91' lang='lat' dir='ltr'><strong>nervos</strong></span> <span class='ocrx_word' id='word_1_66' title='bbox 1213 1306 1347 1369; x_wconf 72' lang='lat' dir='ltr'><strong>erectam</strong></span> <span class='ocrx_word' id='word_1_67' title='bbox 1373 1325 1472 1371; x_wconf 79' lang='lat' dir='ltr'><strong>corno</strong></span> 
     </span>
     <span class='ocr_line' id='line_1_10' title="bbox 265 1405 1474 1494; baseline 0.005 -24"><span class='ocrx_word' id='word_1_68' title='bbox 265 1405 412 1472; x_wconf 77' lang='lat' dir='ltr'><strong>vocavit?</strong></span> <span class='ocrx_word' id='word_1_69' title='bbox 437 1406 536 1473; x_wconf 90' lang='lat' dir='ltr'><strong>verba</strong></span> <span class='ocrx_word' id='word_1_70' title='bbox 557 1413 631 1472; x_wconf 87' lang='lat' dir='ltr'><strong>ante</strong></span> <span class='ocrx_word' id='word_1_71' title='bbox 645 1406 840 1492; x_wconf 88' lang='lat' dir='ltr'><strong>Hesycbium</strong></span> <span class='ocrx_word' id='word_1_72' title='bbox 854 1413 1000 1473; x_wconf 87' lang='lat' dir='ltr'><strong>truncata</strong></span> <span class='ocrx_word' id='word_1_73' title='bbox 1016 1407 1182 1473; x_wconf 85' lang='lat' dir='ltr'><strong>restituere</strong></span> <span class='ocrx_word' id='word_1_74' title='bbox 1195 1428 1259 1474; x_wconf 92' lang='lat' dir='ltr'><strong>non</strong></span> <span class='ocrx_word' id='word_1_75' title='bbox 1272 1409 1357 1494; x_wconf 89' lang='lat' dir='ltr'><strong>licet,</strong></span> <span class='ocrx_word' id='word_1_76' title='bbox 1379 1409 1474 1476; x_wconf 79' lang='lat' dir='ltr'><strong>valde</strong></span> 
     </span>
     <span class='ocr_line' id='line_1_11' title="bbox 265 1507 1475 1597; baseline 0.004 -24"><span class='ocrx_word' id='word_1_77' title='bbox 265 1515 371 1574; x_wconf 86' lang='lat' dir='ltr'><strong>tamen</strong></span> <span class='ocrx_word' id='word_1_78' title='bbox 391 1510 556 1595; x_wconf 79' lang='lat' dir='ltr'><strong>probabile</strong></span> <span class='ocrx_word' id='word_1_79' title='bbox 578 1508 717 1596; x_wconf 82' lang='lat' dir='ltr'><strong>videtur,</strong></span> <span class='ocrx_word' id='word_1_80' title='bbox 737 1507 848 1597; x_wconf 80' lang='grc' dir='ltr'><strong><em>νευρὰν</em></strong></span> <span class='ocrx_word' id='word_1_81' title='bbox 869 1510 945 1576; x_wconf 92' lang='lat' dir='ltr'><strong>olim</strong></span> <span class='ocrx_word' id='word_1_82' title='bbox 963 1507 1074 1596; x_wconf 78' lang='grc' dir='ltr'><strong><em>νεβρὸν</em></strong></span> <span class='ocrx_word' id='word_1_83' title='bbox 1086 1510 1198 1596; x_wconf 81' lang='lat' dir='ltr'><strong>fuisse,</strong></span> <span class='ocrx_word' id='word_1_84' title='bbox 1222 1518 1255 1578; x_wconf 91' lang='lat' dir='ltr'><strong>et</strong></span> <span class='ocrx_word' id='word_1_85' title='bbox 1274 1511 1475 1579; x_wconf 88' lang='lat' dir='ltr'><strong>decantatum</strong></span> 
     </span>
     <span class='ocr_line' id='line_1_12' title="bbox 264 1612 1475 1700; baseline 0.007 -24"><span class='ocrx_word' id='word_1_86' title='bbox 264 1612 344 1677; x_wconf 90' lang='lat' dir='ltr'><strong>illud</strong></span> <span class='ocrx_word' id='word_1_87' title='bbox 366 1614 494 1700; x_wconf 89' lang='lat' dir='ltr'><strong>respici,</strong></span> <span class='ocrx_word' id='word_1_88' title='bbox 516 1612 602 1697; x_wconf 90' lang='lat' dir='ltr'><strong>quod</strong></span> <span class='ocrx_word' id='word_1_89' title='bbox 623 1615 822 1700; x_wconf 88' lang='lat' dir='ltr'><strong>grammatici</strong></span> <span class='ocrx_word' id='word_1_90' title='bbox 843 1621 1028 1700; x_wconf 89' lang='lat' dir='ltr'><strong>queruntur,</strong></span> <span class='ocrx_word' id='word_1_91' title='bbox 1056 1621 1165 1681; x_wconf 88' lang='lat' dir='ltr'><strong>contra</strong></span> <span class='ocrx_word' id='word_1_92' title='bbox 1190 1622 1336 1682; x_wconf 87' lang='lat' dir='ltr'><strong>naturam</strong></span> <span class='ocrx_word' id='word_1_93' title='bbox 1362 1637 1475 1684; x_wconf 88' lang='lat' dir='ltr'><strong>cervae</strong></span> 
     </span>
     <span class='ocr_line' id='line_1_13' title="bbox 267 1719 1475 1807; baseline 0.005 -26"><span class='ocrx_word' id='word_1_94' title='bbox 267 1737 385 1782; x_wconf 90' lang='lat' dir='ltr'><strong>cornua</strong></span> <span class='ocrx_word' id='word_1_95' title='bbox 413 1739 434 1783; x_wconf 91' lang='lat' dir='ltr'><strong>a</strong></span> <span class='ocrx_word' id='word_1_96' title='bbox 459 1719 563 1804; x_wconf 87' lang='lat' dir='ltr'><strong>poetis</strong></span> <span class='ocrx_word' id='word_1_97' title='bbox 592 1720 695 1784; x_wconf 90' lang='lat' dir='ltr'><strong>tribui.</strong></span> <span class='ocrx_word' id='word_1_98' title='bbox 740 1719 875 1803; x_wconf 90' lang='lat' dir='ltr'><strong>denique</strong></span> <span class='ocrx_word' id='word_1_99' title='bbox 896 1719 1047 1786; x_wconf 89' lang='lat' dir='ltr'><strong>Aelianus</strong></span> <span class='ocrx_word' id='word_1_100' title='bbox 1068 1719 1105 1784; x_wconf 91' lang='lat' dir='ltr'><strong>V.</strong></span> <span class='ocrx_word' id='word_1_101' title='bbox 1128 1720 1168 1784; x_wconf 89' lang='grc' dir='ltr'><strong>Η.</strong></span> <span class='ocrx_word' id='word_1_102' title='bbox 1189 1720 1261 1785; x_wconf 88' lang='grc' dir='ltr'><strong>ΧΠ.</strong></span> <span class='ocrx_word' id='word_1_103' title='bbox 1283 1726 1326 1785; x_wconf 81' lang='grc'><strong>15</strong></span> <span class='ocrx_word' id='word_1_104' title='bbox 1359 1721 1475 1807; x_wconf 85' lang='lat' dir='ltr'><strong>prodit,</strong></span> 
     </span>
     <span class='ocr_line' id='line_1_14' title="bbox 266 1821 1474 1911; baseline 0.003 -25"><span class='ocrx_word' id='word_1_105' title='bbox 266 1821 434 1888; x_wconf 85' lang='lat' dir='ltr'><strong>Herculem</strong></span> <span class='ocrx_word' id='word_1_106' title='bbox 448 1823 565 1888; x_wconf 91' lang='lat' dir='ltr'><strong>alicubi</strong></span> <span class='ocrx_word' id='word_1_107' title='bbox 579 1824 619 1889; x_wconf 91' lang='lat' dir='ltr'><strong>ab</strong></span> <span class='ocrx_word' id='word_1_108' title='bbox 634 1823 787 1911; x_wconf 82' lang='lat' dir='ltr'><strong>Euripide</strong></span> <span class='ocrx_word' id='word_1_109' title='bbox 801 1823 963 1890; x_wconf 88' lang='lat' dir='ltr'><strong>inductum</strong></span> <span class='ocrx_word' id='word_1_110' title='bbox 976 1845 1046 1890; x_wconf 89' lang='lat' dir='ltr'><strong>esse</strong></span> <span class='ocrx_word' id='word_1_111' title='bbox 1061 1844 1195 1909; x_wconf 90' lang='lat' dir='ltr'><strong>puerum</strong></span> <span class='ocrx_word' id='word_1_112' title='bbox 1210 1825 1293 1890; x_wconf 89' lang='lat' dir='ltr'><strong>ulnis</strong></span> <span class='ocrx_word' id='word_1_113' title='bbox 1307 1831 1474 1892; x_wconf 90' lang='lat' dir='ltr'><strong>tenentem.</strong></span> 
     </span>
     <span class='ocr_line' id='line_1_15' title="bbox 267 1913 1475 2014; baseline 0.004 -24"><span class='ocrx_word' id='word_1_114' title='bbox 267 1926 397 2007; x_wconf 79' lang='lat' dir='ltr'><strong>quiebi</strong></span> <span class='ocrx_word' id='word_1_115' title='bbox 420 1927 606 2011; x_wconf 87' lang='lat' dir='ltr'><strong>tragoediae</strong></span> <span class='ocrx_word' id='word_1_116' title='bbox 630 1949 671 1994; x_wconf 92' lang='lat' dir='ltr'><strong>ne</strong></span> <span class='ocrx_word' id='word_1_117' title='bbox 692 1913 931 2014; x_wconf 76' lang='lat' dir='ltr'><strong>inprobabiliter</strong></span> <span class='ocrx_word' id='word_1_118' title='bbox 953 1927 1081 2012; x_wconf 91' lang='lat' dir='ltr'><strong>quidem</strong></span> <span class='ocrx_word' id='word_1_119' title='bbox 1102 1929 1200 1993; x_wconf 89' lang='lat' dir='ltr'><strong>tribui</strong></span> <span class='ocrx_word' id='word_1_120' title='bbox 1215 1935 1328 2013; x_wconf 87' lang='lat' dir='ltr'><strong>potest</strong></span> <span class='ocrx_word' id='word_1_121' title='bbox 1373 1949 1475 2013; x_wconf 91' lang='lat' dir='ltr'><strong>neque</strong></span> 
     </span>
     <span class='ocr_line' id='line_1_16' title="bbox 266 2029 1475 2118; baseline 0.005 -24"><span class='ocrx_word' id='word_1_122' title='bbox 266 2029 438 2115; x_wconf 91' lang='lat' dir='ltr'><strong>inlepidum</strong></span> <span class='ocrx_word' id='word_1_123' title='bbox 462 2039 509 2097; x_wconf 90' lang='lat' dir='ltr'><strong>est</strong></span> <span class='ocrx_word' id='word_1_124' title='bbox 529 2033 582 2098; x_wconf 87' lang='lat' dir='ltr'><strong>vel</strong></span> <span class='ocrx_word' id='word_1_125' title='bbox 602 2033 791 2098; x_wconf 87' lang='lat' dir='ltr'><strong>invictorum</strong></span> <span class='ocrx_word' id='word_1_126' title='bbox 809 2035 1000 2098; x_wconf 85' lang='lat' dir='ltr'><strong>lacertorum</strong></span> <span class='ocrx_word' id='word_1_127' title='bbox 1020 2032 1189 2116; x_wconf 89' lang='lat' dir='ltr'><strong>tenellique</strong></span> <span class='ocrx_word' id='word_1_128' title='bbox 1212 2034 1390 2118; x_wconf 87' lang='lat' dir='ltr'><strong>corpusculi</strong></span> <span class='ocrx_word' id='word_1_129' title='bbox 1404 2054 1475 2100; x_wconf 90' lang='lat' dir='ltr'><strong>con-</strong></span> 
     </span>
     <span class='ocr_line' id='line_1_17' title="bbox 267 2135 1475 2222; baseline 0.002 -21"><span class='ocrx_word' id='word_1_130' title='bbox 267 2135 456 2218; x_wconf 90' lang='lat' dir='ltr'><strong>positionem</strong></span> <span class='ocrx_word' id='word_1_131' title='bbox 478 2157 499 2202; x_wconf 91' lang='lat' dir='ltr'><strong>a</strong></span> <span class='ocrx_word' id='word_1_132' title='bbox 519 2144 615 2222; x_wconf 90' lang='lat' dir='ltr'><strong>poeta</strong></span> <span class='ocrx_word' id='word_1_133' title='bbox 635 2137 808 2222; x_wconf 86' lang='lat' dir='ltr'><strong>artificibus</strong></span> <span class='ocrx_word' id='word_1_134' title='bbox 827 2143 1035 2204; x_wconf 90' lang='lat' dir='ltr'><strong>monstratam</strong></span> <span class='ocrx_word' id='word_1_135' title='bbox 1057 2157 1137 2203; x_wconf 89' lang='lat' dir='ltr'><strong>esse.</strong></span> <span class='ocrx_word' id='word_1_136' title='bbox 1183 2138 1261 2204; x_wconf 88' lang='lat' dir='ltr'><strong>satis</strong></span> <span class='ocrx_word' id='word_1_137' title='bbox 1284 2139 1393 2204; x_wconf 87' lang='lat' dir='ltr'><strong>tenuia</strong></span> <span class='ocrx_word' id='word_1_138' title='bbox 1410 2139 1475 2221; x_wconf 89' lang='lat' dir='ltr'><strong>qui-</strong></span> 
     </span>
     <span class='ocr_line' id='line_1_18' title="bbox 268 2238 1476 2327; baseline 0.004 -25"><span class='ocrx_word' id='word_1_139' title='bbox 268 2238 340 2306; x_wconf 93' lang='lat' dir='ltr'><strong>dem</strong></span> <span class='ocrx_word' id='word_1_140' title='bbox 361 2247 468 2306; x_wconf 88' lang='lat' dir='ltr'><strong>tamen</strong></span> <span class='ocrx_word' id='word_1_141' title='bbox 489 2261 553 2307; x_wconf 91' lang='lat' dir='ltr'><strong>non</strong></span> <span class='ocrx_word' id='word_1_142' title='bbox 583 2241 764 2327; x_wconf 90' lang='lat' dir='ltr'><strong>spernenda</strong></span> <span class='ocrx_word' id='word_1_143' title='bbox 787 2242 868 2307; x_wconf 91' lang='lat' dir='ltr'><strong>haec</strong></span> <span class='ocrx_word' id='word_1_144' title='bbox 889 2242 952 2306; x_wconf 89' lang='lat' dir='ltr'><strong>tria</strong></span> <span class='ocrx_word' id='word_1_145' title='bbox 973 2241 1163 2307; x_wconf 90' lang='lat' dir='ltr'><strong>documenta</strong></span> <span class='ocrx_word' id='word_1_146' title='bbox 1183 2242 1270 2308; x_wconf 82' lang='lat' dir='ltr'><strong>viam</strong></span> <span class='ocrx_word' id='word_1_147' title='bbox 1287 2249 1476 2309; x_wconf 89' lang='lat' dir='ltr'><strong>monstrant:</strong></span> 
     </span>
     <span class='ocr_line' id='line_1_19' title="bbox 268 2343 1278 2430; baseline 0.002 -22"><span class='ocrx_word' id='word_1_148' title='bbox 268 2343 343 2426; x_wconf 92' lang='lat' dir='ltr'><strong>quid</strong></span> <span class='ocrx_word' id='word_1_149' title='bbox 362 2344 470 2430; x_wconf 87' lang='lat' dir='ltr'><strong>igitur,</strong></span> <span class='ocrx_word' id='word_1_150' title='bbox 493 2345 521 2411; x_wconf 92' lang='lat' dir='ltr'><strong>si</strong></span> <span class='ocrx_word' id='word_1_151' title='bbox 541 2345 602 2412; x_wconf 90' lang='lat' dir='ltr'><strong>hoc</strong></span> <span class='ocrx_word' id='word_1_152' title='bbox 620 2345 732 2430; x_wconf 90' lang='lat' dir='ltr'><strong>Augae</strong></span> <span class='ocrx_word' id='word_1_153' title='bbox 754 2343 945 2430; x_wconf 78' lang='lat' dir='ltr'><strong>Euripideae</strong></span> <span class='ocrx_word' id='word_1_154' title='bbox 968 2350 1187 2430; x_wconf 80' lang='lat' dir='ltr'><strong>argumentum</strong></span> <span class='ocrx_word' id='word_1_155' title='bbox 1209 2345 1278 2412; x_wconf 76' lang='lat' dir='ltr'><strong>est?</strong></span> 
     </span>
    </p>

    <p class='ocr_par' dir='ltr' id='par_1_4' title="bbox 249 2448 1479 4620">
     <span class='ocr_line' id='line_1_20' title="bbox 353 2448 1475 2534; baseline 0.004 -22"><span class='ocrx_word' id='word_1_156' title='bbox 353 2448 446 2513; x_wconf 92' lang='lat' dir='ltr'><strong>Dum</strong></span> <span class='ocrx_word' id='word_1_157' title='bbox 483 2449 520 2514; x_wconf 93' lang='lat' dir='ltr'><strong>in</strong></span> <span class='ocrx_word' id='word_1_158' title='bbox 555 2450 740 2516; x_wconf 80' lang='lat' dir='ltr'><strong>Arcadiae</strong></span> <span class='ocrx_word' id='word_1_159' title='bbox 781 2449 941 2534; x_wconf 90' lang='lat' dir='ltr'><strong>quadam</strong></span> <span class='ocrx_word' id='word_1_160' title='bbox 977 2449 1069 2515; x_wconf 92' lang='lat' dir='ltr'><strong>urbe</strong></span> <span class='ocrx_word' id='word_1_161' title='bbox 1112 2449 1248 2516; x_wconf 85' lang='lat' dir='ltr'><strong>festum</strong></span> <span class='ocrx_word' id='word_1_162' title='bbox 1285 2449 1475 2517; x_wconf 89' lang='lat' dir='ltr'><strong>Minervae</strong></span> 
     </span>
     <span class='ocr_line' id='line_1_21' title="bbox 269 2552 1477 2639; baseline 0.003 -22"><span class='ocrx_word' id='word_1_163' title='bbox 269 2552 538 2639; x_wconf 80' lang='lat' dir='ltr'><strong>celebraretur,</strong></span> <span class='ocrx_word' id='word_1_164' title='bbox 578 2574 656 2620; x_wconf 91' lang='lat' dir='ltr'><strong>cum</strong></span> <span class='ocrx_word' id='word_1_165' title='bbox 688 2553 854 2620; x_wconf 90' lang='lat' dir='ltr'><strong>eiusdem</strong></span> <span class='ocrx_word' id='word_1_166' title='bbox 883 2554 1082 2620; x_wconf 88' lang='lat' dir='ltr'><strong>sacerdote</strong></span> <span class='ocrx_word' id='word_1_167' title='bbox 1113 2553 1242 2638; x_wconf 89' lang='lat' dir='ltr'><strong>Augea</strong></span> <span class='ocrx_word' id='word_1_168' title='bbox 1273 2553 1357 2620; x_wconf 89' lang='lat' dir='ltr'><strong>Alei</strong></span> <span class='ocrx_word' id='word_1_169' title='bbox 1393 2555 1477 2621; x_wconf 85' lang='lat' dir='ltr'><strong>filia</strong></span> 
     </span>
     <span class='ocr_line' id='line_1_22' title="bbox 269 2657 1476 2744; baseline 0.002 -22"><span class='ocrx_word' id='word_1_170' title='bbox 269 2657 424 2723; x_wconf 86' lang='lat' dir='ltr'><strong>choreas</strong></span> <span class='ocrx_word' id='word_1_171' title='bbox 445 2659 482 2723; x_wconf 93' lang='lat' dir='ltr'><strong>in</strong></span> <span class='ocrx_word' id='word_1_172' title='bbox 499 2659 694 2725; x_wconf 89' lang='lat' dir='ltr'><strong>nocturnis</strong></span> <span class='ocrx_word' id='word_1_173' title='bbox 716 2658 839 2724; x_wconf 89' lang='lat' dir='ltr'><strong>sacris</strong></span> <span class='ocrx_word' id='word_1_174' title='bbox 860 2659 1030 2742; x_wconf 84' lang='lat' dir='ltr'><strong>agitante</strong></span> <span class='ocrx_word' id='word_1_175' title='bbox 1044 2677 1120 2723; x_wconf 91' lang='lat' dir='ltr'><strong>rem</strong></span> <span class='ocrx_word' id='word_1_176' title='bbox 1134 2657 1317 2724; x_wconf 91' lang='lat' dir='ltr'><strong>Hercules</strong></span> <span class='ocrx_word' id='word_1_177' title='bbox 1331 2658 1476 2744; x_wconf 88' lang='lat' dir='ltr'><strong>habuit,</strong></span> 
     </span>
     <span class='ocr_line' id='line_1_23' title="bbox 269 2761 1476 2846; baseline 0.002 -20"><span class='ocrx_word' id='word_1_178' title='bbox 269 2763 330 2844; x_wconf 93' lang='lat' dir='ltr'><strong>qui</strong></span> <span class='ocrx_word' id='word_1_179' title='bbox 352 2769 388 2827; x_wconf 90' lang='lat' dir='ltr'><strong>et</strong></span> <span class='ocrx_word' id='word_1_180' title='bbox 409 2762 519 2828; x_wconf 90' lang='lat' dir='ltr'><strong>huius</strong></span> <span class='ocrx_word' id='word_1_181' title='bbox 539 2763 631 2828; x_wconf 91' lang='lat' dir='ltr'><strong>furti</strong></span> <span class='ocrx_word' id='word_1_182' title='bbox 656 2769 792 2829; x_wconf 90' lang='lat' dir='ltr'><strong>testem</strong></span> <span class='ocrx_word' id='word_1_183' title='bbox 817 2761 974 2846; x_wconf 89' lang='lat' dir='ltr'><strong>reliquit</strong></span> <span class='ocrx_word' id='word_1_184' title='bbox 1000 2762 1035 2828; x_wconf 91' lang='lat' dir='ltr'><strong>ei</strong></span> <span class='ocrx_word' id='word_1_185' title='bbox 1060 2763 1219 2828; x_wconf 90' lang='lat' dir='ltr'><strong>anulum.</strong></span> <span class='ocrx_word' id='word_1_186' title='bbox 1273 2763 1341 2827; x_wconf 87' lang='lat' dir='ltr'><strong>illa</strong></span> <span class='ocrx_word' id='word_1_187' title='bbox 1367 2783 1411 2828; x_wconf 84' lang='lat' dir='ltr'><strong>ex</strong></span> <span class='ocrx_word' id='word_1_188' title='bbox 1433 2783 1476 2828; x_wconf 93' lang='lat' dir='ltr'><strong>eo</strong></span> 
     </span>
     <span class='ocr_line' id='line_1_24' title="bbox 268 2865 1475 2952; baseline 0.001 -22"><span class='ocrx_word' id='word_1_189' title='bbox 268 2865 429 2950; x_wconf 86' lang='lat' dir='ltr'><strong>gravida</strong></span> <span class='ocrx_word' id='word_1_190' title='bbox 455 2867 659 2952; x_wconf 79' lang='lat' dir='ltr'><strong>Telephum</strong></span> <span class='ocrx_word' id='word_1_191' title='bbox 691 2867 853 2952; x_wconf 89' lang='lat' dir='ltr'><strong>peperit,</strong></span> <span class='ocrx_word' id='word_1_192' title='bbox 888 2865 986 2950; x_wconf 90' lang='lat' dir='ltr'><strong>quod</strong></span> <span class='ocrx_word' id='word_1_193' title='bbox 1018 2885 1151 2933; x_wconf 89' lang='lat' dir='ltr'><strong>nornen</strong></span> <span class='ocrx_word' id='word_1_194' title='bbox 1177 2887 1220 2932; x_wconf 86' lang='lat' dir='ltr'><strong>ex</strong></span> <span class='ocrx_word' id='word_1_195' title='bbox 1246 2873 1381 2934; x_wconf 85' lang='lat' dir='ltr'><strong>euentu</strong></span> <span class='ocrx_word' id='word_1_196' title='bbox 1413 2865 1475 2931; x_wconf 88' lang='lat' dir='ltr'><strong>ad·</strong></span> 
     </span>
     <span class='ocr_line' id='line_1_25' title="bbox 268 2969 1476 3057; baseline 0.002 -23"><span class='ocrx_word' id='word_1_197' title='bbox 268 2969 399 3036; x_wconf 90' lang='lat' dir='ltr'><strong>haesit.</strong></span> <span class='ocrx_word' id='word_1_198' title='bbox 444 2971 516 3036; x_wconf 90' lang='lat' dir='ltr'><strong>iam</strong></span> <span class='ocrx_word' id='word_1_199' title='bbox 541 2971 694 3055; x_wconf 83' lang='lat' dir='ltr'><strong>Augeae</strong></span> <span class='ocrx_word' id='word_1_200' title='bbox 723 2977 831 3056; x_wconf 88' lang='lat' dir='ltr'><strong>pater</strong></span> <span class='ocrx_word' id='word_1_201' title='bbox 857 2977 986 3057; x_wconf 88' lang='lat' dir='ltr'><strong>stupro</strong></span> <span class='ocrx_word' id='word_1_202' title='bbox 1017 2971 1165 3054; x_wconf 88' lang='lat' dir='ltr'><strong>cognito</strong></span> <span class='ocrx_word' id='word_1_203' title='bbox 1198 2969 1476 3036; x_wconf 87' lang='lat' dir='ltr'><strong>excandescens</strong></span> 
     </span>
     <span class='ocr_line' id='line_1_26' title="bbox 249 3074 1476 3161; baseline 0.002 -23"><span class='ocrx_word' id='word_1_204' title='bbox 249 3074 472 3160; x_wconf 85' lang='lat' dir='ltr'><strong>&#39;Telephum</strong></span> <span class='ocrx_word' id='word_1_205' title='bbox 495 3074 643 3158; x_wconf 89' lang='lat' dir='ltr'><strong>quidem</strong></span> <span class='ocrx_word' id='word_1_206' title='bbox 662 3074 812 3141; x_wconf 90' lang='lat' dir='ltr'><strong>deserto</strong></span> <span class='ocrx_word' id='word_1_207' title='bbox 835 3076 917 3141; x_wconf 92' lang='lat' dir='ltr'><strong>loco</strong></span> <span class='ocrx_word' id='word_1_208' title='bbox 939 3075 1050 3161; x_wconf 90' lang='lat' dir='ltr'><strong>abici,</strong></span> <span class='ocrx_word' id='word_1_209' title='bbox 1071 3075 1134 3140; x_wconf 92' lang='lat' dir='ltr'><strong>ubi</strong></span> <span class='ocrx_word' id='word_1_210' title='bbox 1148 3075 1180 3141; x_wconf 92' lang='lat' dir='ltr'><strong>is</strong></span> <span class='ocrx_word' id='word_1_211' title='bbox 1198 3095 1219 3140; x_wconf 93' lang='lat' dir='ltr'><strong>a</strong></span> <span class='ocrx_word' id='word_1_212' title='bbox 1236 3075 1476 3141; x_wconf 84' lang='lat' dir='ltr'><strong>cervanutri-</strong></span> 
     </span>
     <span class='ocr_line' id='line_1_27' title="bbox 266 3179 1475 3265; baseline 0.002 -21"><span class='ocrx_word' id='word_1_213' title='bbox 266 3185 326 3245; x_wconf 89' lang='lat' dir='ltr'><strong>tus</strong></span> <span class='ocrx_word' id='word_1_214' title='bbox 349 3186 418 3264; x_wconf 89' lang='lat' dir='ltr'><strong>est,</strong></span> <span class='ocrx_word' id='word_1_215' title='bbox 440 3179 605 3264; x_wconf 88' lang='lat' dir='ltr'><strong>Augeam</strong></span> <span class='ocrx_word' id='word_1_216' title='bbox 628 3187 750 3245; x_wconf 89' lang='lat' dir='ltr'><strong>antem</strong></span> <span class='ocrx_word' id='word_1_217' title='bbox 768 3180 909 3265; x_wconf 66' lang='lat' dir='ltr'><strong>abysso*</strong></span> <span class='ocrx_word' id='word_1_218' title='bbox 933 3180 1121 3264; x_wconf 87' lang='lat' dir='ltr'><strong>submergi</strong></span> <span class='ocrx_word' id='word_1_219' title='bbox 1139 3179 1340 3247; x_wconf 84' lang='lat' dir='ltr'><strong>mandavit.</strong></span> <span class='ocrx_word' id='word_1_220' title='bbox 1380 3180 1475 3246; x_wconf 92' lang='lat' dir='ltr'><strong>inte·</strong></span> 
     </span>
     <span class='ocr_line' id='line_1_28' title="bbox 267 3283 1478 3370; baseline 0.002 -23"><span class='ocrx_word' id='word_1_221' title='bbox 267 3283 334 3348; x_wconf 94' lang='lat' dir='ltr'><strong>rim</strong></span> <span class='ocrx_word' id='word_1_222' title='bbox 361 3283 543 3350; x_wconf 89' lang='lat' dir='ltr'><strong>Hercules</strong></span> <span class='ocrx_word' id='word_1_223' title='bbox 565 3284 611 3350; x_wconf 91' lang='lat' dir='ltr'><strong>ad</strong></span> <span class='ocrx_word' id='word_1_224' title='bbox 634 3305 713 3350; x_wconf 89' lang='lat' dir='ltr'><strong>eam</strong></span> <span class='ocrx_word' id='word_1_225' title='bbox 746 3285 936 3370; x_wconf 85' lang='lat' dir='ltr'><strong>regionem</strong></span> <span class='ocrx_word' id='word_1_226' title='bbox 968 3283 1117 3351; x_wconf 90' lang='lat' dir='ltr'><strong>delatus</strong></span> <span class='ocrx_word' id='word_1_227' title='bbox 1150 3284 1270 3368; x_wconf 89' lang='lat' dir='ltr'><strong>deque</strong></span> <span class='ocrx_word' id='word_1_228' title='bbox 1304 3305 1343 3350; x_wconf 90' lang='lat' dir='ltr'><strong>re</strong></span> <span class='ocrx_word' id='word_1_229' title='bbox 1369 3291 1478 3369; x_wconf 88' lang='lat' dir='ltr'><strong>gesta</strong></span> 
     </span>
     <span class='ocr_line' id='line_1_29' title="bbox 267 3389 1478 3475; baseline 0 -21"><span class='ocrx_word' id='word_1_230' title='bbox 267 3407 333 3456; x_wconf 90' lang='lat' dir='ltr'><strong>suo</strong></span> <span class='ocrx_word' id='word_1_231' title='bbox 358 3409 401 3454; x_wconf 85' lang='lat' dir='ltr'><strong>ex</strong></span> <span class='ocrx_word' id='word_1_232' title='bbox 424 3389 535 3456; x_wconf 92' lang='lat' dir='ltr'><strong>anulo</strong></span> <span class='ocrx_word' id='word_1_233' title='bbox 559 3389 772 3456; x_wconf 89' lang='lat' dir='ltr'><strong>admonitus</strong></span> <span class='ocrx_word' id='word_1_234' title='bbox 795 3396 832 3455; x_wconf 91' lang='lat' dir='ltr'><strong>et</strong></span> <span class='ocrx_word' id='word_1_235' title='bbox 852 3409 1006 3475; x_wconf 89' lang='lat' dir='ltr'><strong>puerum</strong></span> <span class='ocrx_word' id='word_1_236' title='bbox 1029 3410 1075 3456; x_wconf 90' lang='lat' dir='ltr'><strong>ex</strong></span> <span class='ocrx_word' id='word_1_237' title='bbox 1097 3409 1136 3456; x_wconf 93' lang='lat' dir='ltr'><strong>se</strong></span> <span class='ocrx_word' id='word_1_238' title='bbox 1158 3389 1323 3474; x_wconf 87' lang='lat' dir='ltr'><strong>genitum</strong></span> <span class='ocrx_word' id='word_1_239' title='bbox 1338 3389 1478 3474; x_wconf 91' lang='lat' dir='ltr'><strong>eripuit</strong></span> 
     </span>
     <span class='ocr_line' id='line_1_30' title="bbox 268 3492 1477 3580; baseline 0 -22"><span class='ocrx_word' id='word_1_240' title='bbox 268 3499 303 3558; x_wconf 89' lang='lat' dir='ltr'><strong>et</strong></span> <span class='ocrx_word' id='word_1_241' title='bbox 334 3500 527 3578; x_wconf 90' lang='lat' dir='ltr'><strong>parentem</strong></span> <span class='ocrx_word' id='word_1_242' title='bbox 557 3494 677 3580; x_wconf 91' lang='lat' dir='ltr'><strong>ipsam</strong></span> <span class='ocrx_word' id='word_1_243' title='bbox 703 3495 747 3560; x_wconf 90' lang='lat' dir='ltr'><strong>ab</strong></span> <span class='ocrx_word' id='word_1_244' title='bbox 781 3494 948 3560; x_wconf 88' lang='lat' dir='ltr'><strong>instante</strong></span> <span class='ocrx_word' id='word_1_245' title='bbox 971 3494 1103 3560; x_wconf 89' lang='lat' dir='ltr'><strong>mortis</strong></span> <span class='ocrx_word' id='word_1_246' title='bbox 1129 3494 1297 3578; x_wconf 89' lang='lat' dir='ltr'><strong>periculo</strong></span> <span class='ocrx_word' id='word_1_247' title='bbox 1325 3492 1477 3578; x_wconf 84' lang='lat' dir='ltr'><strong>expedi-</strong></span> 
     </span>
     <span class='ocr_line' id='line_1_31' title="bbox 266 3596 1477 3682; baseline 0 -20"><span class='ocrx_word' id='word_1_248' title='bbox 266 3596 329 3662; x_wconf 86' lang='lat' dir='ltr'><strong>vit.</strong></span> <span class='ocrx_word' id='word_1_249' title='bbox 372 3597 505 3664; x_wconf 89' lang='lat' dir='ltr'><strong>haecine</strong></span> <span class='ocrx_word' id='word_1_250' title='bbox 538 3598 739 3682; x_wconf 87' lang='lat' dir='ltr'><strong>conveniunt,</strong></span> <span class='ocrx_word' id='word_1_251' title='bbox 773 3597 905 3663; x_wconf 88' lang='lat' dir='ltr'><strong>haecine</strong></span> <span class='ocrx_word' id='word_1_252' title='bbox 932 3598 1048 3663; x_wconf 89' lang='lat' dir='ltr'><strong>iustam</strong></span> <span class='ocrx_word' id='word_1_253' title='bbox 1072 3596 1200 3662; x_wconf 85' lang='lat' dir='ltr'><strong>fabulae</strong></span> <span class='ocrx_word' id='word_1_254' title='bbox 1225 3596 1361 3662; x_wconf 81' lang='lat' dir='ltr'><strong>formam</strong></span> <span class='ocrx_word' id='word_1_255' title='bbox 1386 3617 1477 3682; x_wconf 89' lang='lat' dir='ltr'><strong>prae·</strong></span> 
     </span>
     <span class='ocr_line' id='line_1_32' title="bbox 267 3699 1478 3787; baseline -0.001 -22"><span class='ocrx_word' id='word_1_256' title='bbox 267 3701 363 3766; x_wconf 82' lang='lat' dir='ltr'><strong>bent?</strong></span> <span class='ocrx_word' id='word_1_257' title='bbox 397 3707 504 3768; x_wconf 89' lang='lat' dir='ltr'><strong>extant</strong></span> <span class='ocrx_word' id='word_1_258' title='bbox 526 3701 612 3787; x_wconf 91' lang='lat' dir='ltr'><strong>apud</strong></span> <span class='ocrx_word' id='word_1_259' title='bbox 630 3702 668 3766; x_wconf 92' lang='lat' dir='ltr'><strong>A.</strong></span> <span class='ocrx_word' id='word_1_260' title='bbox 690 3700 808 3767; x_wconf 90' lang='lat' dir='ltr'><strong>Maium</strong></span> <span class='ocrx_word' id='word_1_261' title='bbox 823 3700 867 3766; x_wconf 91' lang='lat' dir='ltr'><strong>ad</strong></span> <span class='ocrx_word' id='word_1_262' title='bbox 879 3699 1009 3767; x_wconf 85' lang='lat' dir='ltr'><strong>Eusebii</strong></span> <span class='ocrx_word' id='word_1_263' title='bbox 1029 3699 1197 3766; x_wconf 88' lang='lat' dir='ltr'><strong>editionem</strong></span> <span class='ocrx_word' id='word_1_264' title='bbox 1209 3699 1478 3766; x_wconf 89' lang='lat' dir='ltr'><strong>Mediolanensem</strong></span> 
     </span>
     <span class='ocr_line' id='line_1_33' title="bbox 269 3802 1478 3892; baseline 0.002 -24"><span class='ocrx_word' id='word_1_265' title='bbox 269 3812 332 3870; x_wconf 80' lang='lat'><strong>294</strong></span> <span class='ocrx_word' id='word_1_266' title='bbox 352 3826 391 3872; x_wconf 87' lang='lat' dir='ltr'><strong>ex</strong></span> <span class='ocrx_word' id='word_1_267' title='bbox 408 3805 507 3872; x_wconf 87' lang='lat' dir='ltr'><strong>Musis</strong></span> <span class='ocrx_word' id='word_1_268' title='bbox 522 3805 733 3872; x_wconf 79' lang='lat' dir='ltr'><strong>Chorenensis</strong></span> <span class='ocrx_word' id='word_1_269' title='bbox 755 3804 1045 3892; x_wconf 89' lang='lat' dir='ltr'><strong>progymnasmatis</strong></span> <span class='ocrx_word' id='word_1_270' title='bbox 1068 3825 1220 3890; x_wconf 84' lang='lat' dir='ltr'><strong>expressa</strong></span> <span class='ocrx_word' id='word_1_271' title='bbox 1232 3802 1320 3891; x_wconf 87' lang='lat' dir='ltr'><strong>(hinc</strong></span> <span class='ocrx_word' id='word_1_272' title='bbox 1332 3805 1478 3870; x_wconf 89' lang='lat' dir='ltr'><strong>Italicum</strong></span> 
     </span>
     <span class='ocr_line' id='line_1_34' title="bbox 267 3902 1479 3998; baseline 0.002 -27"><span class='ocrx_word' id='word_1_273' title='bbox 267 3908 398 3994; x_wconf 84' lang='lat' dir='ltr'><strong>Augeae</strong></span> <span class='ocrx_word' id='word_1_274' title='bbox 420 3909 549 3998; x_wconf 85' lang='lat' dir='ltr'><strong>nomen)</strong></span> <span class='ocrx_word' id='word_1_275' title='bbox 573 3916 628 3976; x_wconf 90' lang='lat' dir='ltr'><strong>aut</strong></span> <span class='ocrx_word' id='word_1_276' title='bbox 648 3909 792 3976; x_wconf 85' lang='lat' dir='ltr'><strong>faciliora</strong></span> <span class='ocrx_word' id='word_1_277' title='bbox 820 3911 963 3994; x_wconf 87' lang='lat' dir='ltr'><strong>inventu,</strong></span> <span class='ocrx_word' id='word_1_278' title='bbox 985 3909 1040 3974; x_wconf 93' lang='lat' dir='ltr'><strong>ubi</strong></span> <span class='ocrx_word' id='word_1_279' title='bbox 1062 3929 1122 3994; x_wconf 90' lang='lat' dir='ltr'><strong>ego</strong></span> <span class='ocrx_word' id='word_1_280' title='bbox 1145 3928 1270 3993; x_wconf 93' lang='lat' dir='ltr'><strong>quoque</strong></span> <span class='ocrx_word' id='word_1_281' title='bbox 1292 3909 1369 3994; x_wconf 89' lang='lat' dir='ltr'><strong>legi,</strong></span> <span class='ocrx_word' id='word_1_282' title='bbox 1392 3902 1479 3994; x_wconf 87' lang='lat' dir='ltr'><strong>apud</strong></span> 
     </span>
     <span class='ocr_line' id='line_1_35' title="bbox 268 3999 1477 4099; baseline 0.001 -22"><span class='ocrx_word' id='word_1_283' title='bbox 268 4013 459 4078; x_wconf 89' lang='lat' dir='ltr'><strong>Meinekium</strong></span> <span class='ocrx_word' id='word_1_284' title='bbox 482 4013 570 4080; x_wconf 77' lang='lat' dir='ltr'><strong>(lom.</strong></span> <span class='ocrx_word' id='word_1_285' title='bbox 595 4014 631 4079; x_wconf 89' lang='lat' dir='ltr'><strong>V.</strong></span> <span class='ocrx_word' id='word_1_286' title='bbox 656 4019 707 4080; x_wconf 79' lang='lat'><strong>57.</strong></span> <span class='ocrx_word' id='word_1_287' title='bbox 753 4015 807 4099; x_wconf 91' lang='lat' dir='ltr'><strong>qui</strong></span> <span class='ocrx_word' id='word_1_288' title='bbox 830 4015 940 4081; x_wconf 92' lang='lat' dir='ltr'><strong>comici</strong></span> <span class='ocrx_word' id='word_1_289' title='bbox 961 4020 1076 4099; x_wconf 91' lang='lat' dir='ltr'><strong>poetae</strong></span> <span class='ocrx_word' id='word_1_290' title='bbox 1095 4013 1236 4079; x_wconf 84' lang='lat' dir='ltr'><strong>fabulam</strong></span> <span class='ocrx_word' id='word_1_291' title='bbox 1256 3999 1398 4079; x_wconf 87' lang='lat' dir='ltr'><strong>enarrari</strong></span> <span class='ocrx_word' id='word_1_292' title='bbox 1412 4033 1477 4078; x_wconf 90' lang='lat' dir='ltr'><strong>cre-</strong></span> 
     </span>
     <span class='ocr_line' id='line_1_36' title="bbox 268 4115 1478 4210; baseline 0.001 -29"><span class='ocrx_word' id='word_1_293' title='bbox 268 4115 360 4202; x_wconf 90' lang='lat' dir='ltr'><strong>didit,</strong></span> <span class='ocrx_word' id='word_1_294' title='bbox 387 4117 472 4201; x_wconf 90' lang='lat' dir='ltr'><strong>qnod</strong></span> <span class='ocrx_word' id='word_1_295' title='bbox 495 4125 569 4203; x_wconf 91' lang='lat' dir='ltr'><strong>post</strong></span> <span class='ocrx_word' id='word_1_296' title='bbox 595 4139 634 4185; x_wconf 89' lang='lat' dir='ltr'><strong>ea</strong></span> <span class='ocrx_word' id='word_1_297' title='bbox 658 4139 740 4203; x_wconf 90' lang='lat' dir='ltr'><strong>quae</strong></span> <span class='ocrx_word' id='word_1_298' title='bbox 761 4119 905 4204; x_wconf 87' lang='lat' dir='ltr'><strong>proximo</strong></span> <span class='ocrx_word' id='word_1_299' title='bbox 926 4118 1030 4203; x_wconf 89' lang='lat' dir='ltr'><strong>capite</strong></span> <span class='ocrx_word' id='word_1_300' title='bbox 1057 4116 1230 4203; x_wconf 85' lang='lat' dir='ltr'><strong>disputavi,</strong></span> <span class='ocrx_word' id='word_1_301' title='bbox 1264 4137 1327 4210; x_wconf 79' lang='lat' dir='ltr'><strong>nqn</strong></span> <span class='ocrx_word' id='word_1_302' title='bbox 1347 4137 1478 4184; x_wconf 88' lang='lat' dir='ltr'><strong>necesse</strong></span> 
     </span>
     <span class='ocr_line' id='line_1_37' title="bbox 269 4220 1478 4307; baseline -0.001 -21"><span class='ocrx_word' id='word_1_303' title='bbox 269 4227 317 4286; x_wconf 89' lang='lat' dir='ltr'><strong>est</strong></span> <span class='ocrx_word' id='word_1_304' title='bbox 338 4221 488 4287; x_wconf 86' lang='lat' dir='ltr'><strong>refellam.</strong></span> <span class='ocrx_word' id='word_1_305' title='bbox 534 4223 666 4290; x_wconf 86' lang='lat' dir='ltr'><strong>miratus</strong></span> <span class='ocrx_word' id='word_1_306' title='bbox 686 4223 773 4288; x_wconf 90' lang='lat' dir='ltr'><strong>haud</strong></span> <span class='ocrx_word' id='word_1_307' title='bbox 795 4222 890 4287; x_wconf 89' lang='lat' dir='ltr'><strong>dubie</strong></span> <span class='ocrx_word' id='word_1_308' title='bbox 909 4227 978 4288; x_wconf 89' lang='lat' dir='ltr'><strong>erat</strong></span> <span class='ocrx_word' id='word_1_309' title='bbox 999 4221 1048 4288; x_wconf 83' lang='lat' dir='ltr'><strong>vir</strong></span> <span class='ocrx_word' id='word_1_310' title='bbox 1070 4241 1209 4307; x_wconf 82' lang='lat' dir='ltr'><strong>summus</strong></span> <span class='ocrx_word' id='word_1_311' title='bbox 1222 4241 1335 4306; x_wconf 91' lang='lat' dir='ltr'><strong>parum</strong></span> <span class='ocrx_word' id='word_1_312' title='bbox 1348 4220 1478 4305; x_wconf 85' lang='lat' dir='ltr'><strong>dignum</strong></span> 
     </span>
     <span class='ocr_line' id='line_1_38' title="bbox 269 4325 1477 4412; baseline 0.002 -23"><span class='ocrx_word' id='word_1_313' title='bbox 269 4325 420 4391; x_wconf 89' lang='lat' dir='ltr'><strong>cothurno</strong></span> <span class='ocrx_word' id='word_1_314' title='bbox 443 4334 671 4412; x_wconf 89' lang='lat' dir='ltr'><strong>argumentum.</strong></span> <span class='ocrx_word' id='word_1_315' title='bbox 716 4333 750 4392; x_wconf 89' lang='lat' dir='ltr'><strong>at</strong></span> <span class='ocrx_word' id='word_1_316' title='bbox 770 4326 849 4392; x_wconf 90' lang='lat' dir='ltr'><strong>nihil</strong></span> <span class='ocrx_word' id='word_1_317' title='bbox 870 4325 1016 4412; x_wconf 90' lang='lat' dir='ltr'><strong>impedit,</strong></span> <span class='ocrx_word' id='word_1_318' title='bbox 1039 4325 1204 4409; x_wconf 89' lang='lat' dir='ltr'><strong>quominus</strong></span> <span class='ocrx_word' id='word_1_319' title='bbox 1224 4345 1294 4390; x_wconf 90' lang='lat' dir='ltr'><strong>cum</strong></span> <span class='ocrx_word' id='word_1_320' title='bbox 1308 4325 1477 4391; x_wconf 82' lang='lat' dir='ltr'><strong>Welekero</strong></span> 
     </span>
     <span class='ocr_line' id='line_1_39' title="bbox 267 4429 1478 4516; baseline 0.001 -24"><span class='ocrx_word' id='word_1_321' title='bbox 267 4429 392 4513; x_wconf 86' lang='lat' dir='ltr'><strong>Augam</strong></span> <span class='ocrx_word' id='word_1_322' title='bbox 406 4431 596 4516; x_wconf 86' lang='lat' dir='ltr'><strong>tetralogiae</strong></span> <span class='ocrx_word' id='word_1_323' title='bbox 612 4437 757 4515; x_wconf 88' lang='lat' dir='ltr'><strong>quartam</strong></span> <span class='ocrx_word' id='word_1_324' title='bbox 770 4429 911 4496; x_wconf 87' lang='lat' dir='ltr'><strong>fabulam</strong></span> <span class='ocrx_word' id='word_1_325' title='bbox 924 4429 1021 4496; x_wconf 86' lang='lat' dir='ltr'><strong>fuisse</strong></span> <span class='ocrx_word' id='word_1_326' title='bbox 1036 4435 1202 4514; x_wconf 65' lang='lat' dir='ltr'><strong>putemus„</strong></span> <span class='ocrx_word' id='word_1_327' title='bbox 1225 4449 1415 4514; x_wconf 89' lang='lat' dir='ltr'><strong>quamquam</strong></span> <span class='ocrx_word' id='word_1_328' title='bbox 1426 4447 1478 4493; x_wconf 90' lang='lat' dir='ltr'><strong>me</strong></span> 
     </span>
     <span class='ocr_line' id='line_1_40' title="bbox 268 4532 1478 4620; baseline 0 -20"><span class='ocrx_word' id='word_1_329' title='bbox 268 4533 325 4600; x_wconf 90' lang='lat' dir='ltr'><strong>illa</strong></span> <span class='ocrx_word' id='word_1_330' title='bbox 350 4533 534 4601; x_wconf 89' lang='lat' dir='ltr'><strong>difficultate</strong></span> <span class='ocrx_word' id='word_1_331' title='bbox 562 4557 624 4602; x_wconf 93' lang='lat' dir='ltr'><strong>non</strong></span> <span class='ocrx_word' id='word_1_332' title='bbox 650 4534 743 4602; x_wconf 89' lang='lat' dir='ltr'><strong>nimis</strong></span> <span class='ocrx_word' id='word_1_333' title='bbox 767 4533 947 4620; x_wconf 86' lang='lat' dir='ltr'><strong>permoveri</strong></span> <span class='ocrx_word' id='word_1_334' title='bbox 972 4532 1082 4598; x_wconf 87' lang='lat' dir='ltr'><strong>fateor.</strong></span> <span class='ocrx_word' id='word_1_335' title='bbox 1126 4533 1239 4600; x_wconf 89' lang='lat' dir='ltr'><strong>tertiae</strong></span> <span class='ocrx_word' id='word_1_336' title='bbox 1261 4533 1342 4598; x_wconf 89' lang='lat' dir='ltr'><strong>enim</strong></span> <span class='ocrx_word' id='word_1_337' title='bbox 1364 4532 1478 4600; x_wconf 83' lang='lat' dir='ltr'><strong>aetatis</strong></span> 
     </span>
    </p>
   </div>
   <div class='ocr_carea' id='block_1_3' title="bbox 0 0 1844 5296">
    <p class='ocr_par' dir='ltr' id='par_1_5' title="bbox 0 0 1844 5296">
     <span class='ocr_line' id='line_1_41' title="bbox 0 0 1844 5296; baseline 0 0"><span class='ocrx_word' id='word_1_338' title='bbox 0 0 1844 5296; x_wconf 95' lang='lat' dir='ltr'><strong> </strong></span> 
     </span>
    </p>
   </div>
  </div>
 </body>
</html>
