3594 5292
789 440 811 492 Ι.
831 441 856 493 8.
910 449 914 457 '
1395 439 1430 494 53

306 609 439 676 Restant
461 615 525 677 tres
547 611 691 697 fabulae,
723 631 803 696 quas
825 631 884 696 per
906 629 1001 676 unum
1023 611 1269 678 Laurentianum
1292 617 1430 678 aetatem

220 712 331 778 tulisse
361 714 505 782 omnibus
534 723 738 800 persuaserat
764 714 987 782 Kirchhoffius.
1039 714 1245 782 credebamus
1272 716 1369 798 igitur
1397 716 1431 781 in

220 836 259 884 eo
288 817 446 884 subtiliter
472 819 662 887 conferendo
692 821 817 886 unicam
844 820 979 886 salutem
1007 819 1183 884 recensioni
1210 819 1323 886 harum
1342 819 1430 885 fabu-

219 921 322 986 larum
357 922 494 1006 positam
525 944 606 991 esse.
662 944 764 1009 nuper
796 923 839 988 ad
870 922 1077 988 laetissimam
1108 943 1198 1007 spem
1230 925 1431 1008 inexpectato

219 1025 328 1090 nuntio
351 1026 480 1092 excitati
501 1048 617 1095 sumus.
662 1049 736 1094 nam
754 1029 788 1094 in
805 1027 1005 1093 Fleckeiseni
1027 1027 1193 1094 annalibus
1210 1027 1265 1094 GV
1282 1033 1344 1093 525
1360 1049 1432 1094 cum

220 1129 483 1198 commilitonibus
514 1132 675 1217 Euripidis
711 1133 821 1198 amicis
851 1131 1093 1198 communicavit
1119 1131 1303 1198 Rudolfus
1325 1133 1431 1198 Prin·

221 1233 301 1300 aius
321 1253 356 1300 se
379 1235 420 1300 ab
449 1236 489 1300 H.
512 1237 662 1322 Hinckio,
692 1237 760 1304 viro
782 1237 865 1302 inter
889 1236 1028 1302 iuniores
1053 1236 1087 1301 in
1112 1235 1272 1302 codicibus
1287 1236 1432 1320 legendis

219 1337 314 1421 longe
336 1340 611 1425 exercitatissimo,
636 1341 846 1407 conlationem
860 1340 1003 1406 Helenae
1026 1340 1189 1424 accepisse
1211 1360 1274 1406 non
1295 1361 1336 1406 ex
1350 1340 1431 1406 Lau·

220 1441 364 1508 rentiano
388 1445 491 1509 solum
519 1445 578 1510 sed
600 1447 755 1512 etiamen
776 1465 858 1511 novo
882 1463 983 1526 eoque
1005 1444 1176 1527 integriore
1198 1445 1292 1510 trium
1311 1444 1432 1512 fabula

221 1565 291 1612 rum
320 1545 420 1632 fonte,
454 1547 562 1614 codice
591 1549 665 1615 olim
695 1549 842 1616 abbatiae
872 1548 1074 1614 Florentinae
1109 1555 1194 1614 2664
1224 1548 1431 1634 desumptam.

222 1650 369 1733 quoniam
395 1651 474 1717 nihil
498 1673 599 1736 aeque
626 1655 714 1739 piget
742 1673 837 1736 quam
860 1653 1060 1736 thesaurum,
1086 1671 1181 1735 quern
1200 1653 1265 1718 iam
1287 1654 1433 1720 manibus

200 1760 330 1822 tencre
352 1755 573 1843 credebamus,
596 1779 804 1843 evanescere,
828 1757 1081 1823 contentisslmus
1106 1776 1209 1841 eram,
1232 1757 1331 1842 quod,
1362 1777 1433 1824 cum

221 1859 339 1924 Prinzii
360 1862 503 1926 nuntium
526 1864 651 1948 accepi,
683 1863 787 1948 decipi
807 1883 871 1928 non
894 1861 1030 1945 amplius
1051 1866 1212 1944 poteram:
1238 1863 1434 1946 permultos

221 1983 348 2031 menses
378 1971 546 2049 utrumque
573 1967 714 2034 codicem
735 1969 768 2032 in
790 1967 904 2033 eadem
924 1985 1037 2031 mensa
1054 1966 1192 2049 positum
1214 1985 1433 2050 excesseram,

222 2069 362 2134 constitit
390 2069 467 2135 mihi
494 2071 613 2136 dudum
641 2073 782 2138 codicem
813 2071 888 2136 olim
910 2070 1149 2136 Abbatiae172
1177 2068 1218 2156 (is
1241 2071 1325 2136 enim
1347 2072 1434 2138 solus

221 2171 317 2238 hodic
345 2174 433 2239 ualet
459 2175 637 2263 numerus),
668 2180 698 2238 Γ
720 2196 838 2259 meum,
872 2195 912 2241 ex
938 2175 1150 2240 Laurentiano
1184 2174 1209 2240 C
1240 2173 1434 2260 descriptum

222 2297 303 2344 esse.
343 2284 378 2342 at
398 2279 496 2344 nihilo
518 2281 620 2346 secius
642 2281 899 2346 utilissimusrest
914 2279 1070 2361 siquidem
1086 2283 1160 2344 anto
1174 2279 1433 2362 interpolationes

221 2402 239 2448 c
261 2381 439 2466 descriptus
461 2390 526 2468 est,
548 2403 652 2467 neque
675 2383 709 2450 id
731 2384 824 2448 nimis
843 2384 1051 2466 neglegenter
1066 2381 1221 2468 (neglexit
1234 2383 1434 2466 potissimum

221 2485 442 2571 discriptiones
470 2489 631 2573 metricas,
661 2507 765 2570 neque
793 2488 874 2553 solet
895 2487 986 2552 binas
1008 2487 1040 2550 in
1064 2485 1177 2552 eodem
1200 2487 1270 2551 loco
1292 2487 1435 2570 prolerre

220 2589 397 2676 lectiones.)
440 2591 611 2676 imaginem
641 2593 737 2676 igitur
766 2592 869 2676 primo
897 2591 1006 2656 obtutu
1038 2609 1211 2672 sanequam
1232 2590 1436 2674 integriorem

222 2693 314 2760 offert
343 2715 438 2778 quam
463 2697 568 2781 ipsum
598 2695 802 2781 archetypon.
852 2695 959 2778 itaque
981 2695 1101 2778 legem,
1130 2713 1212 2778 quae
1233 2694 1267 2759 in
1290 2715 1328 2760 eo
1349 2715 1438 2761 usur-

221 2798 328 2884 pando
348 2807 511 2886 regnaret,
541 2803 605 2866 iam
627 2801 704 2865 mihi
726 2799 1013 2886 praescripseram,
1041 2797 1162 2865 scilicet
1183 2799 1271 2864 utin
1295 2799 1439 2866 omnibus

221 2903 316 2988 locis,
348 2904 402 2969 ubi
433 2911 488 2970 aut
509 2906 612 2990 prima
633 2925 746 2971 manus
768 2905 930 2970 interisset
952 2909 1007 2968 aut
1025 2903 1108 2968 inter
1129 2901 1173 2968 0²
1194 2909 1226 2968 et
1248 2923 1266 2967 c
1287 2903 1439 2969 iudicium

222 3008 410 3093 ambigeret,
444 3015 474 3070 Γ
494 3011 719 3096 inspiceretur,
750 3016 845 3092 atque
878 3009 974 3074 tacito
1007 3008 1103 3073 etiam
1130 3007 1198 3073 eius
1220 3007 1346 3074 nomine
1367 3027 1438 3072 curn

222 3111 358 3178 lectione
387 3134 450 3178 non
470 3114 662 3200 interpolata
684 3133 858 3199 congruere
881 3112 1080 3179 crederetur:
1112 3117 1146 3177 at
1169 3111 1323 3194 quidquid
1341 3131 1438 3196 pecu·

222 3217 302 3282 liare
328 3217 474 3303 haberet,
505 3220 631 3287 omnino
660 3226 822 3302 tamquam
844 3225 899 3283 aut
920 3237 1028 3282 errore
1050 3222 1106 3282 aut
1127 3216 1308 3283 coniectura
1329 3222 1439 3281 natum

223 3320 330 3410 (rarae
352 3329 458 3388 autem
480 3324 693 3411 coniecturae)
714 3324 839 3389 silentio
854 3322 1089 3406 praeteriretur.
1126 3319 1230 3385 inutili
1245 3321 1328 3385 enim
1343 3340 1439 3386 onere

224 3426 541 3492 auctoritatem'vere
563 3429 708 3511 gravium
731 3427 935 3510 submergere
957 3425 1022 3491 vim
1045 3431 1141 3507 atque
1163 3431 1310 3489 naturam
1333 3443 1440 3490 recen-

225 3529 323 3597 sionis
352 3537 408 3596 aut
437 3533 560 3597 nescire
583 3538 632 3597 ost
655 3537 709 3596 aut
732 3550 892 3616 spernere.
936 3549 1040 3612 neque
1062 3535 1135 3615 post
1156 3529 1273 3594 Prinnii
1295 3529 1440 3612 quamvis

224 3636 347 3701 fortiter
377 3641 409 3701 et
437 3636 565 3721 saepius
588 3637 744 3721 prolatam
767 3636 947 3719 opinionem
969 3633 1133 3700 consilium
1155 3633 1288 3717 mutavi,
1312 3653 1353 3697 ne
1366 3632 1440 3698 ⁴otio

226 3760 298 3805 mec
327 3740 405 3806 satis
432 3761 529 3824 parco
557 3746 612 3805 aut
633 3739 786 3805 lectorum
809 3759 950 3804 meorum
972 3739 1168 3822 benignitate
1191 3737 1278 3802 abuti
1298 3735 1441 3818 viderer,

226 3845 281 3928 qui
310 3845 374 3910 otio
401 3850 533 3910 eatenus
564 3843 718 3929 abundat,
745 3850 780 3909 ut
811 3843 998 3928 apographa
1027 3841 1175 3908 Parisina
1204 3846 1236 3906 et
1257 3839 1442 3906 foedissima

227 3956 260 4016 et
289 3969 349 4034 per
369 3949 496 4014 Fixium
523 3950 576 4015 vel
605 3949 699 4015 nimis
727 3954 803 4014 nota
825 3947 954 4032 adierit,
983 3947 1014 4012 ei
1043 3952 1169 4030 gratum
1189 3944 1317 4028 faciam,
1345 3943 1374 4010 si
1394 3949 1442 4009 tot

226 4054 328 4119 bellas
358 4053 511 4120 lectiones
533 4053 742 4138 proferendas
766 4072 806 4117 ex
821 4052 937 4135 iniquis
952 4051 1091 4117 tenebris
1107 4051 1137 4116 ei
1152 4050 1322 4132 reliquero.¹
1354 4047 1441 4113 deni-

228 4177 289 4241 que
315 4157 519 4242 „adfirmanti
548 4157 700 4224 incumbit
728 4156 906 4242 probatio.“
950 4156 1095 4222 Prinzius
1117 4174 1194 4221 vero
1217 4173 1252 4220 se
1271 4153 1342 4219 loco
1362 4150 1441 4217 indi·

228 4267 298 4328 cato
320 4263 548 4348 ingenuitatem
571 4262 688 4329 codicis
710 4267 739 4324 Γ
754 4260 989 4326 demonstrasse
1010 4259 1086 4325 dicit
1108 4259 1250 4343 quidem,
1273 4263 1307 4322 at
1320 4263 1442 4322 tanturn

229 4368 320 4434 abest
327 4418 335 4452 ,
356 4373 391 4432 ut
413 4367 689 4452 demonstraverit,
713 4371 748 4432 ut
769 4386 829 4449 ego
851 4365 973 4431 eisdem
989 4365 1073 4432 'locis
1088 4385 1151 4430 non
1167 4361 1297 4454 quidem
1312 4359 1354 4426 ad
1370 4365 1441 4444 pro·
1514 4451 1516 4457 s

229 4471 368 4538 bandum
395 4472 584 4538 sententiam
610 4491 715 4538 meam
737 4470 829 4556 (talia
850 4463 934 4535 enim
956 4489 1020 4534 non
1043 4489 1083 4536 ex
1105 4464 1343 4551 quatuordocim
1364 4463 1442 4531 locis

231 4575 289 4646 sed
311 4582 366 4644 aut
388 4597 428 4644 ex
447 4577 573 4662 integra
594 4576 807 4664 discrepantia
829 4573 972 4642 codicum
995 4579 1050 4640 aut
1069 4593 1109 4639 ex
1131 4571 1258 4640 selectis
1281 4568 1324 4636 ad
1338 4568 1442 4666 graui-
