3626 5288
800 391 836 446 Π.
854 393 880 446 2.
1398 392 1449 448 149

235 563 342 653 8†(><)
364 556 519 653 depedace
540 556 721 644 ἀδίδακτος.
865 649 869 656 ι

227 683 230 688 ·
308 735 311 740 ,
408 669 491 736 vita.
514 669 538 736 Ι.
573 667 682 757 (Diud.
702 670 726 736 I.
750 677 780 734 4.
805 667 839 756 2)
869 664 917 747 εἰς
938 662 1149 734 Μακεδονίαν
1171 665 1248 756 περὶ
1268 659 1450 756 Ἀρχέλαον

407 768 575 858 γενόμενος
603 770 754 860 διέτριψε
780 770 836 840 καὶ
860 769 1068 856 χαριζόμενος
1090 763 1177 860 αὐτῷ
1199 772 1306 859 δρᾶμα
1327 769 1449 856 ὁμωνύ-

407 900 477 960 μως
508 871 660 963 ἔγραψεν.
716 877 767 943 cui
799 897 1000 960 nequaquam
1034 877 1190 963 obstrepit
1210 876 1386 944 Diomedes
1408 879 1447 944 II.

407 1002 461 1066 pg.
485 986 548 1046 488
571 980 612 1046 Κ.
656 981 711 1064 qui
732 979 917 1067 Euripidem
939 1000 1002 1064 quo
1025 982 1128 1048 minus
1144 980 1185 1047 de
1198 980 1356 1048 Archelao
1372 1002 1449 1066 rege

407 1083 606 1169 tragoediam
642 1085 796 1152 scriberet
825 1103 990 1167 recusasse
1018 1084 1124 1152 tradit.
1177 1084 1264 1152 aliud
1290 1085 1374 1152 enim
1401 1092 1450 1152 est

407 1188 615 1255 inhonorem
642 1187 807 1254 cuiusdam
828 1187 1027 1273 tragoediam
1048 1189 1175 1256 nomine
1197 1189 1265 1256 eius
1287 1189 1449 1273 insignire,

407 1291 495 1358 aliud
517 1290 558 1358 de
581 1313 620 1358 eo
643 1291 843 1376 tragoediam
865 1293 1014 1360 scribere.
1059 1292 1217 1376 quomodo
1237 1298 1344 1360 autem
1358 1292 1448 1358 Euri-

406 1395 499 1482 pides
510 1395 588 1462 illud
601 1396 749 1480 effecerit,
764 1395 1020 1480 Agatharchides
1031 1417 1206 1480 sanequam
1218 1396 1326 1481 gravis
1338 1403 1449 1462 auctor

408 1500 550 1585 explicat
570 1497 675 1586 (Phot.
699 1507 762 1566 444
769 1499 798 1566 b.
825 1499 890 1587 29.)
927 1500 1121 1586 ¹Euripidem
1141 1500 1298 1567 Archelao
1314 1499 1447 1566 Temeni
1465 1495 1475 1582 i

405 1603 492 1670 iacta
518 1603 667 1673 tribuisse
689 1609 833 1670 testatus.
879 1603 1012 1670 historia
1032 1605 1130 1689 igitur
1151 1603 1192 1670 de
1212 1604 1353 1670 Temeno
1376 1596 1467 1668 nar?

289 1709 292 1715 “
408 1707 499 1772 rabat
531 1706 618 1772 facta
644 1705 829 1791 tragoediae
856 1714 945 1793 apta,
971 1708 1146 1798 Euripides
1168 1727 1338 1792 personam
1359 1707 1447 1773 illem

405 1809 597 1876 Archelaum
620 1810 759 1894 vocavit,
784 1809 979 1876 conditorem
1002 1810 1121 1876 seilicet
1136 1810 1227 1896 regni
1241 1810 1447 1895 Macedonici,

404 1919 440 1979 ut
461 1933 576 1979 nomen
598 1913 781 1979 amicissimi
803 1913 902 1998 regis,
930 1933 966 1979 re
987 1931 1066 1979 vera
1087 1913 1218 1980 alterius
1240 1913 1447 1980 Macedoniae

406 2016 592 2101 conditoris,
615 2015 763 2083 laudibus
778 2017 892 2103 proavi
906 2021 1094 2083 sacraretur.
1130 2023 1164 2082 at
1178 2016 1355 2084 Temenum
1370 2038 1446 2102 quo·
1461 2010 1479 2041 ⁴¹

406 2141 468 2204 que
485 2120 612 2206 scripsit
625 2119 805 2206 Euripides.
843 2120 956 2206 opinor
971 2120 1071 2206 probe
1085 2119 1147 2186 hoc
1162 2120 1322 2204 cognitum
1336 2121 1448 2188 habuit

404 2223 672 2309 Agatharchides,
697 2245 798 2306 coque
820 2224 937 2290 certius
959 2222 1145 2309 Euripidem
1163 2224 1292 2292 nomina
1307 2224 1349 2291 ad
1364 2226 1446 2292 arbi-

361 2409 363 2414 ·
406 2328 501 2394 trium
534 2333 734 2413 permutasse
767 2327 868 2394 scivit.
918 2333 1059 2394 ceterum
1091 2328 1185 2394 facile
1218 2328 1282 2394 hae
1306 2329 1379 2414 ipsa
1405 2329 1446 2395 de

379 2451 501 2498 causa
532 2451 620 2498 error
645 2431 735 2498 nasci
765 2437 892 2516 poterat
922 2430 963 2496 ab
989 2429 1174 2498 Aristarcho
1202 2431 1352 2516 reiectus,
1382 2452 1445 2516 quo

403 2535 499 2602 Arist.
522 2536 601 2602 Ran.
620 2541 704 2600 1206
728 2533 772 2600 ad
793 2533 944 2600 Archelai
965 2535 1134 2620 prologum
1155 2535 1315 2621 respicere
1338 2537 1452 2619 aqui-v

401 2639 537 2706 busdam
567 2637 740 2705 dicebatur.
785 2639 841 2722 qui
865 2637 1006 2704 fabulam
1033 2644 1107 2724 post
1128 2637 1289 2724 Euripidis
1311 2645 1445 2707 mortem

401 2743 529 2810 demum
550 2742 684 2809 Athenis
707 2742 901 2810 celebratam
922 2763 986 2808 non
1007 2743 1160 2809 intactam
1174 2743 1215 2809 ab
1230 2743 1335 2810 aliena
1349 2764 1445 2810 manu

400 2867 472 2914 esse
495 2867 552 2913 suo
574 2846 712 2914 fortasse
726 2847 795 2913 iure
810 2846 1029 2932 opinabantur.
1067 2852 1153 2913 certe
1166 2845 1253 2914 idern
1268 2846 1444 2915 rectissime

399 2951 433 3016 in
458 2950 626 3036 Iphigenia
647 2949 815 3018 Aulidensi
840 2950 1053 3035 coniecerunt,
1081 2970 1273 3034 quamquam
1295 2950 1338 3017 ad
1360 2953 1443 3019 simi-

399 3056 447 3122 les
470 3075 595 3123 errorcs
618 3054 717 3122 delati
739 3061 819 3122 sunt.
865 3074 980 3122 versus
1002 3055 1043 3122 ab
1066 3054 1280 3142 Aristophane
1303 3054 1444 3143 adlegati

398 3157 444 3245 μὴ
467 3156 647 3248 σῳζομένης
672 3158 858 3246 tragoediae
881 3166 962 3226 sunt.
979 3197 1020 3208 -
1037 3166 1272 3246 argumentum:
1295 3161 1442 3248 Hyginus

399 3263 462 3330 fab.
488 3270 560 3330 219.

226 3477 372 3534 mensibus.
407 3480 438 3533 at
454 3480 518 3547 post
529 3477 731 3534 Mendelasohni
743 3495 834 3534 curam
848 3478 973 3548 (Ritschl.
987 3478 1056 3534 Acte
1068 3480 1127 3536 Soc.
1145 3481 1219 3549 Lips.
1232 3480 1267 3534 II.
1288 3481 1337 3534 sub
1350 3479 1441 3547 finem)

225 3565 319 3634 gravia
336 3581 385 3620 nec
404 3565 537 3634 corrigere
555 3580 662 3634 possem
681 3581 730 3618 nee
748 3565 854 3620 addere.
885 3566 941 3620 iam
958 3582 1013 3620 una
1031 3568 1138 3622 Mutum
1152 3566 1252 3620 fabella
1266 3565 1350 3620 vitam
1362 3565 1441 3620 Euri·

224 3651 296 3720 pidia
316 3650 464 3713 deformat,
484 3650 596 3719 nuptiae
615 3667 675 3704 curn
687 3650 820 3706 Choerila.
851 3651 945 3720 opinor
959 3655 1080 3723 Χοιρίλη
1098 3652 1218 3707 Valvata
1231 3667 1305 3706 soror
1317 3653 1359 3706 est
1371 3657 1441 3725 Κερ-

225 3735 295 3792 κόλα
308 3741 358 3790 τοῦ
369 3737 494 3808 Ἀνδρίου
513 3736 605 3791 Virbe'i
616 3735 745 3792 Caudini.
765 3735 839 3792 deri
852 3741 879 3792 et
890 3754 942 3791 usu
953 3737 1071 3792 nominis
1086 3741 1212 3812 Χοιρίλη,
1231 3737 1309 3806 (haec
1323 3737 1442 3807 genuina

224 3823 321 3893 forma)
348 3823 381 3878 ci.
397 3823 549 3878 Philochor.
573 3823 646 3892 apud
674 3822 755 3878 schol.
775 3823 839 3878 Eur.
858 3823 924 3878 Hac.
943 3825 960 3878 3
978 3823 1011 3892 (1.
1029 3825 1092 3889 221,
1112 3824 1155 3890 11)
1174 3823 1293 3891 Hesych.
1311 3841 1333 3878 s.
1351 3841 1375 3876 r.
1412 3825 1440 3876 et

224 3908 401 3979 Ecphantidis
427 3925 533 3965 servum
553 3909 720 3974 Choerilum,
748 3910 865 3964 alterum
884 3907 1131 3979 bephisophontem
1149 3909 1266 3980 Hesych.
1285 3927 1307 3965 s.
1319 3926 1344 3963 v.
1363 3909 1438 3962 ἐκκε-
1461 3910 1464 3916 ’

221 3999 425 4068 χοιριλομένη,
457 3996 571 4066 denique
596 3997 717 4054 Cratetis
739 3997 869 4052 Mallotes
895 3997 926 4052 in
943 3996 1143 4066 Euphorionem
1165 3998 1332 4067 epigramma
1349 3995 1381 4049 A.
1407 3995 1440 4048 P.

226 4082 266 4146 xl
281 4083 342 4142 318.
378 4101 438 4140 cum
454 4084 616 4140 Mnesilochi
640 4084 713 4147 iilia,
737 4101 818 4154 quam
837 4085 996 4140 Medionem
1013 4083 1184 4156 ‚repellerem
1208 4077 1292 4140 inisse
1310 4081 1439 4138 credibile

225 4171 281 4235 est,
306 4172 389 4241 longo
413 4174 442 4226 et
464 4171 613 4242 tranquillo
631 4171 804 4228 matrimonio
822 4171 931 4227 iunctus
949 4173 1009 4226 erat
1025 4172 1168 4242 Euripides
1185 4172 1236 4228 411
1255 4187 1315 4228 cum
1333 4169 1438 4225 Aristo·

224 4272 309 4326 panas
327 4257 619 4326 Thesmophoriazusas
637 4257 753 4313 doceret.
776 4261 871 4328 postea
889 4258 1005 4322 demum,
1024 4262 1054 4316 at
1066 4262 1129 4316 ante
1141 4259 1232 4314 Ranae
1246 4257 1335 4328 (1048,
1350 4254 1451 4334 1408),Ὶ

140 4389 144 4396 .
226 4343 341 4398 mendax
358 4345 511 4414 petulantia
533 4344 695 4399 amicorum
713 4343 880 4409 Choerilam,
911 4341 1062 4408 adulteria,
1090 4344 1318 4415 Cephisophontir
1336 4340 1438 4396 auxilia

223 4430 343 4485 invenit:
361 4446 442 4486 nemo
459 4429 553 4486 mirari
568 4433 672 4502 potest,
691 4431 716 4487 si
727 4431 872 4502 Euripides
890 4447 922 4487 ex
939 4431 1005 4488 urbe
1019 4435 1132 4490 secessit
1143 4430 1191 4486 διὰ
1204 4430 1235 4486 τὸ
1250 4427 1355 4500 σχεδὸν
1366 4425 1437 4482 πάν-

222 4535 273 4580 τας
290 4517 367 4589 αὐτῷ
386 4517 557 4592 ἐπιχαίρειν,
574 4520 607 4574 uh
621 4518 797 4576 Philodemus
815 4517 862 4575 ait.
