3666 5296
833 357 884 412 ru.
900 358 926 412 4.
1130 427 1131 432 y
1433 361 1486 416 ars

271 527 344 594 biae
364 549 469 612 poena
489 551 553 596 non
576 529 711 615 deserit,
733 529 795 596 hac
816 531 849 596 in
875 552 910 598 re
932 530 1001 598 veri
1023 551 1086 598 non
1101 529 1179 596 nihil
1193 529 1274 598 vidit
1288 531 1487 622 Hartungus)

225 697 227 702 ,
271 653 330 698 nec
351 634 415 699 iam
437 635 524 701 locus
544 641 593 702 est
615 635 834 720 trepidationi:
860 637 948 702 locus
970 636 1025 701 uni
1048 641 1096 702 est
1119 636 1220 701 morti.
1542 633 1544 637 ’

358 753 557 822 Adumbravi
578 756 674 835 haec,
704 777 745 822 ne
774 757 873 822 lateat
904 776 999 840 quam
1021 754 1102 824 bene
1122 757 1205 822 inter
1228 777 1263 823 se
1286 757 1484 826 cohaereant.

272 863 305 922 et
326 857 380 922 vix
401 860 545 926 abstineo
568 861 734 944 quominus
757 860 797 926 de
822 861 1008 945 tragoediae
1034 860 1241 946 dispositione
1261 881 1374 946 parum
1395 863 1487 929 intel·

271 961 368 1047 lecta,
404 963 445 1029 de
475 965 636 1050 Euripidis
670 971 738 1030 arte
773 972 805 1030 ct
840 967 970 1031 oonsilio
1000 967 1117 1031 multus
1144 965 1228 1030 fiam.
1279 972 1313 1030 at
1345 965 1486 1034 officeret

272 1086 387 1133 causae
419 1075 565 1154 nostrae,
598 1070 857 1154 intellegentique
879 1070 1041 1155 Euripidis
1068 1071 1179 1136 lectori
1209 1090 1363 1136 summam
1386 1071 1485 1155 digito

271 1177 464 1240 monstrasse
497 1175 575 1241 satis
608 1174 677 1240 erit.
722 1173 888 1240 videamus
921 1195 1016 1258 nunc,
1056 1173 1214 1257 quomodo
1248 1182 1418 1259 perspecta
1450 1196 1486 1242 re

270 1277 459 1356 gravissima
494 1277 721 1363 praecedentia
753 1279 949 1345 restituenda
983 1279 1054 1345 sint.
1105 1277 1293 1344 ordiendum
1327 1285 1432 1344 autem
1466 1301 1486 1345 a

270 1379 370 1447 tribus
391 1383 552 1468 versibus,
577 1403 657 1466 quos
679 1384 712 1448 in
735 1383 896 1449 codicibus
918 1390 992 1468 post
1008 1389 1070 1448 512
1087 1383 1186 1450 lectos
1202 1403 1299 1468 supra
1314 1384 1485 1450 omisimus.

487 1503 537 1568 δεῖ
559 1504 586 1569 δ’
611 1501 647 1583 ἐξ
666 1500 789 1568 ἐκείνου
808 1501 847 1590 δή
869 1529 901 1568 τι
924 1507 981 1569 aod
1004 1500 1213 1584 ποθουμένου

489 1611 635 1694 σημεῖον,
658 1601 793 1695 ἢλόμον
815 1609 873 1671 τιν’
897 1603 918 1694 ἢ
940 1605 1079 1672 πέπλων
1102 1601 1171 1671 ἄπο

487 1713 598 1794 λαβεῖν
620 1709 765 1798 συνάψαι
787 1713 814 1776 τ’
839 1709 875 1777 ἐκ
897 1713 987 1777 δυοῖν
1007 1707 1086 1793 μίαν
1107 1708 1208 1796 χάριν.

171 1881 174 1888 .
270 1833 431 1915 persuasit
452 1834 597 1900 omnibus
619 1834 800 1918 Nauckius,
820 1833 879 1900 hos
901 1853 1014 1899 versus
1036 1833 1105 1899 loco
1129 1853 1186 1899 suo
1208 1833 1383 1898 movendos
1399 1854 1485 1900 esse:

272 1937 397 2019 spurios
432 1958 502 2004 esse
534 1938 612 2003 mihi
637 1960 700 2004 non
730 1939 896 2022 persuasit.
941 1939 1079 2022 primum
1101 1938 1185 2003 enim
1207 1958 1254 2003 va.
1278 1942 1340 2001 514
1363 1937 1487 2003 Reislrii

270 2041 449 2106 coniectura
470 2039 592 2107 πλόκον
614 2043 818 2108 concedenda
839 2044 935 2108 etiam
954 2042 1174 2126 interpolatori
1193 2048 1258 2107 tam
1273 2043 1375 2107 veteri
1391 2047 1484 2107 esset.

269 2144 354 2225 quod
385 2166 461 2211 vero
493 2147 659 2212 Nauckius
691 2148 926 2212 incantamenta
954 2147 1010 2211 illa
1043 2145 1238 2212 restituendo
1270 2151 1392 2210 tantum
1422 2166 1486 2211 non

270 2249 437 2315 excitando
460 2252 561 2316 amori
583 2257 660 2335 apta
682 2257 787 2336 putat,
810 2272 873 2316 non
895 2249 1142 2335 praescribimus
1163 2246 1314 2316 terminos
1336 2250 1485 2333 supersti-

269 2353 353 2419 tioni.
399 2352 608 2435 ποθούμενος
639 2355 829 2421 vocabulum
855 2373 938 2418 nunc
955 2354 1081 2418 'mirum
1104 2373 1176 2419 esse
1196 2353 1349 2437 concedo,
1383 2352 1484 2418 Phae-

269 2456 346 2524 drae
369 2457 539 2525 convenire
559 2460 614 2524 vix
636 2465 741 2544 potest
762 2459 881 2542 negari.
921 2459 1065 2523 ultimum
1087 2477 1214 2524 versum
1234 2457 1289 2539 qui
1312 2457 1353 2522 de
1376 2463 1484 2522 mutuo

268 2561 435 2628 Phaedrae
451 2564 679 2649 Hippolytique
695 2583 803 2629 amore
824 2563 1023 2646 interpretati
1039 2569 1124 2646 sunt,
1139 2581 1292 2645 peccasse
1309 2562 1383 2627 scio.
1421 2581 1484 2625 non

229 2707 231 2712 -
266 2667 413 2748 peccavit
441 2667 628 2750 quicumque
648 2668 708 2733 hoo
731 2667 869 2751 scripsit,
899 2667 999 2732 voluit
1021 2667 1105 2732 enim
1128 2666 1231 2732 simile
1254 2665 1406 2748 quiddam
1428 2663 1485 2730 So·

269 2769 393 2854 phoclis
415 2771 502 2838 hisce
525 2773 670 2838 versibus
693 2770 807 2838 Trach.
832 2779 893 2837 619

487 2888 599 2957 ἔπειθ’
623 2889 715 2971 ὅπως
738 2890 777 2956 ἄν
798 2886 818 2979 ἦ
840 2886 934 2974 χάρις
957 2887 1064 2956 κείνου
1085 2887 1122 2954 τέ
1146 2911 1199 2954 σοι

487 2989 592 3078 adpeti
614 2997 801 3076 §rooleooo'
825 2993 861 3074 ἐξ
882 2992 991 3084 ἁπλῆς
1014 2996 1116 3081 διπλῆ
1139 3001 1226 3080 φανῇ

269 3113 445 3182 συνάπτειν
476 3118 664 3184 vocabulum
696 3118 729 3182 in
766 3117 889 3184 deliciis
923 3123 972 3184 est
1004 3116 1166 3202 Euripidi3
1203 3116 1285 3182 bene
1317 3113 1379 3178 huc
1408 3113 1485 3179 facit

270 3223 380 3308 Suppl.
408 3230 500 3288 1014.
539 3222 675 3306 denique
699 3222 785 3306 quod
806 3223 947 3289 maxime
970 3220 1114 3305 offendit,
1136 3220 1171 3286 id
1189 3218 1395 3304 Euripideam
1416 3239 1486 3284 ver·-

269 3347 361 3394 suum
386 3328 541 3410 originem
560 3328 697 3393 maxime
720 3327 881 3411 adfirmat,
909 3323 1047 3390 πέπλον
1062 3322 1140 3389 ἄπο.
1176 3345 1250 3389 nam
1265 3322 1378 3389 eodem
1392 3322 1487 3400 modo

269 3433 303 3497 in
325 3432 465 3519 Cyclope
487 3433 611 3498 locutus
631 3439 681 3498 est
704 3440 766 3500 357
1199 3419 1206 3434 ’

475 3546 568 3638 ἑφθὰ
591 3549 646 3616 καὶ
669 3542 758 3616 ὀπτὰ
781 3549 836 3615 καὶ
858 3544 1041 3634 ἀνθρακιᾶς
1062 3545 1133 3614 ἶν’πο
1152 3545 1277 3630 χναύειν

270 3674 360 3741 elixis
391 3676 425 3740 et
447 3674 563 3740 assatis
591 3674 718 3740 tertium
745 3672 901 3756 coquendi
934 3691 1036 3756 genus
1066 3669 1194 3736 additur
1221 3667 1306 3751 quod
1330 3665 1487 3751 quomodo

269 3780 403 3844 Romani
437 3778 621 3844 vocaverint
652 3777 776 3861 nescio,
810 3777 882 3842 Itali
913 3779 947 3842 ον’
975 3777 1056 3858 ferri
1077 3775 1193 3840 dicunt.
1207 3771 1232 3860 ¹)
1273 3773 1326 3838 vel
1355 3771 1487 3838 similius

270 3884 437 3970 Hippolyti
456 3885 526 3950 loco
549 3884 631 3947 alter
654 3887 703 3947 est
724 3880 840 3947 Bacch.
867 3888 949 3946 1049

401 4002 440 4068 τά
459 4005 487 4067 a'
514 3999 548 4068 ἐκ
571 4003 683 4067 ποδῶν
707 4001 822 4088 σιγηλὰ
842 3999 897 4065 καὶ
920 3995 1066 4087 γλώσσης
1083 3987 1154 4064 ἄπο
1174 4001 1179 4080 l
1199 3993 1353 4083 σῴζοντες

358 4257 385 4324 1)
412 4254 474 4307 Non
501 4253 632 4308 evertitur
657 4252 707 4306 hoc
734 4251 885 4319 exemplum
913 4249 997 4303 etiam
1024 4249 1048 4302 si
1075 4264 1135 4302 cum
1160 4248 1315 4301 Hermanno
1340 4246 1403 4314 post
1429 4243 1488 4297 ἄπο

271 4340 365 4412 θερμά
384 4340 499 4410 additur.
535 4343 565 4394 at
583 4339 736 4394 coniectura
755 4338 804 4392 illa
822 4353 918 4406 parum
935 4335 1093 4403 probabilis.
1123 4335 1220 4390 Helen.
1239 4335 1291 4390 816
1310 4331 1392 4386 codex
1410 4347 1488 4400 prae-

268 4428 317 4482 bet
335 4425 440 4494 ὠνητὸς
462 4427 481 4497 ἢ
503 4425 637 4500 τολμητὸς
659 4425 676 4500 ἢ
701 4423 794 4498 λόγων
813 4424 876 4478 ὕπο.
913 4422 1017 4492 corrige
1034 4421 1099 4474 ἄπο.
1136 4421 1169 4475 cf.
1190 4421 1273 4474 etiam
1290 4420 1436 4478 Hermann.
1454 4420 1489 4472 ad

271 4515 354 4571 Andr.
375 4515 434 4571 190.
