3594 5292
365 409 400 465 16
800 451 803 458 .
910 443 913 450 1
942 403 964 459 Ι.
981 397 1006 460 3.

363 599 401 635 vs.
412 581 465 636 409
500 578 648 654 Δήμητρος
660 579 731 650 quod
743 577 890 632 Barnesius
904 580 1061 647 reppererat
1078 577 1110 631 Ρ.
1139 576 1265 652 Δήμητρ.
1278 620 1302 647 .,
1322 576 1342 635 Ο
1356 582 1428 652 qnod
1440 578 1512 637 idem
1525 583 1581 644 est;

506 666 626 738 ὐήμητρί
643 670 670 736 γ’
691 684 713 721 ο.

416 769 468 826 413
504 767 598 824 ἄκοντ’
617 767 688 824 ἑκών
706 768 759 828 ΡΟ.

415 857 468 912 416
504 857 617 910 δίκαιον
632 854 649 924 ἦ
666 854 721 912 ΡΟ.

414 943 466 998 427
502 945 690 997 ναυτίλλοισιν
708 941 762 997 ΡΟ.

414 1029 468 1084 430
502 1033 649 1082 πνοιαῖσιν
663 1027 718 1084 ΡΟ.

416 1115 469 1170 435
503 1117 582 1168 τοῦδ’
602 1120 627 1168 εἰ
645 1114 666 1169 Ο
685 1117 750 1170 etP
770 1131 933 1186 quamquam
951 1115 980 1170 in
1000 1133 1094 1172 rasura
1113 1119 1206 1171 tamen
1226 1116 1355 1184 aprima.

413 1202 466 1257 454
501 1198 618 1269 sollcitos
637 1201 690 1257 ΡΟ.
720 1202 747 1255 δ’
766 1205 794 1256 et
813 1221 830 1256 σ
848 1202 917 1256 inC
946 1221 1000 1258 non
1019 1205 1105 1258 solum
1124 1203 1208 1257 Furia
1225 1203 1273 1256 sed
1290 1202 1344 1256 iam
1363 1201 1580 1272 apographorum

499 1288 644 1357 scriptores
662 1289 847 1346 confuderunt.
858 1291 879 1359 ¹)

416 1392 471 1448 455
507 1395 601 1464 φιλεῖν
617 1394 662 1447 δεῖ
678 1391 732 1448 ΡΟ.

413 1479 467 1534 459
503 1477 542 1551 μὴ
561 1482 662 1550 ’probel
679 1478 733 1534 ΡΟ.

414 1565 470 1620 494
504 1569 554 1618 καί
571 1585 624 1637 μοι
643 1567 674 1620 δὲ
693 1568 767 1636 λέγει
783 1570 836 1636 μέν
853 1563 908 1624 ΡΟ.

414 1653 468 1708 504
503 1649 593 1722 οὕνεχ’
613 1656 760 1722 αἱρεῖσθαι
778 1651 832 1709 ΡΟ.

414 1740 466 1796 509
503 1737 609 1812 φύντας
626 1735 680 1794 ΡΟ.

415 1827 471 1882 548
508 1829 582 1893 letus
598 1824 652 1882 Po.

415 1913 466 1968 557
503 1910 637 1980 θνήσκειν
654 1914 682 1982 γ’
700 1910 844 1984 ἀδελφοὺς
861 1911 977 1983 ὠφελεῖς
992 1909 1045 1968 ΡΟ.

414 2001 473 2064 568,
502 2005 672 2072 κοσμεῖσθαι
689 1997 719 2052 Ρ.
745 1997 947 2070 κοσμ....Ο.
975 2003 1117 2069 κοσμῆσαι
1136 2016 1157 2052 c.
1259 1985 1261 1990 ¹

413 2087 465 2142 576
502 2086 657 2156 ἀρέσκουσι
674 2082 726 2139 ΡΟ.

415 2172 466 2229 583
501 2169 622 2247 πάροιθε
637 2170 691 2226 ΡΟ.
716 2190 733 2224 ν
749 2170 810 2225 add.
831 2188 852 2225 c.

413 2259 464 2315 597
501 2259 636 2328 εὐψυχίας
652 2257 707 2313 ΡΟ.
737 2257 859 2327 εὐψυχία
877 2273 903 2325 p.

415 2348 466 2402 611
502 2345 586 2400 ἄλλον
603 2343 657 2400 ΡΟ.
683 2348 709 2415 γ’
727 2344 787 2400 add.
807 2361 829 2398 ο.

415 2434 465 2489 617
501 2433 554 2494 ἕξει
572 2430 626 2486 ΡΟ.
650 2433 677 2502 y'
695 2431 756 2486 add.
775 2447 797 2484 c.

413 2520 465 2576 696
501 2517 640 2590 εὐγενείας
656 2517 710 2573 ΡΟ.

413 2608 464 2663 633
500 2610 617 2678 κατηφές
634 2604 687 2660 ΡΟ.

415 2695 467 2750 640
501 2692 564 2759 ἧκες
581 2691 634 2747 ΡΟ.

413 2780 464 2836 649
501 2776 615 2833 τοσόνδ’
635 2776 741 2849 εἰδέναι
759 2775 815 2832 ΡΟ.
843 2775 962 2835 τοσόνδε
983 2779 1009 2834 δ’
1027 2780 1079 2834 erl.
1099 2796 1120 2832 c.

414 2867 465 2923 673
501 2871 643 2936 παρῆκται
662 2861 772 2935 σφάγια
789 2862 843 2918 ΡΟ.
875 2863 909 2918 τὰ
927 2862 1037 2936 σφάγια
1055 2881 1076 2918 ο.
1265 2919 1268 2924 ,

413 2953 465 3010 685
499 2952 599 3005 lineola
611 2967 753 3019 personam
765 2949 887 3004 indicans
900 2967 1041 3020 perperam
1054 2951 1153 3006 omissa
1165 2952 1217 3006 696
1231 2968 1373 3020 perperam
1387 2951 1481 3006 addita
1493 2948 1575 3018 Poe)

415 3040 467 3096 685
503 3043 637 3105 corumpi
656 3034 709 3092 ΡΟ.
1568 3023 1582 3050 ⁵

416 3127 468 3182 689
503 3128 655 3197 μαχοῦμαί
671 3122 698 3193 γ’
716 3123 747 3189 Ρ,
767 3121 788 3176 Ο
808 3127 870 3179 anta
887 3139 1019 3192 rasorem,
1039 3125 1193 3180 Elmslelus.
1222 3127 1347 3198 μαχοῡμ’
1366 3141 1387 3178 c.

418 3213 470 3269 690
506 3216 667 3282 προστιθεῖς
685 3208 714 3264 Ο.
739 3217 905 3281 προστιθείς
921 3211 952 3264 Ρ.
976 3217 1133 3284 προστίθης
1149 3229 1170 3266 c.

414 3301 465 3356 696
500 3297 589 3351 τοῖσδ’
608 3293 670 3350 οὐσι
688 3294 742 3353 ΡΟ.
771 3298 860 3350 τοῖσδ’
878 3291 935 3350 οἷσι
955 3313 976 3352 ο.

414 3387 466 3441 733
501 3386 551 3438 οὐκ
571 3382 627 3453 ἐγώ
644 3382 697 3438 ΡΟ.
723 3384 790 3438 κούκ
810 3382 863 3454 ἐγώ
882 3400 904 3438 c.

509 3472 583 3524 oeno
602 3467 656 3523 PC.

368 3607 593 3620 ——...—---.—.
602 3609 605 3612 .
612 3609 619 3612 .

448 3692 476 3762 1)
493 3687 748 3744 luculentissimum
767 3689 824 3743 eins
843 3689 1008 3745 confusionis
1027 3691 1177 3762 exemplum
1195 3692 1301 3748 Helena
1318 3694 1430 3763 praebet
1447 3695 1500 3750 298
1599 3717 1601 3722 ’

988 3778 1056 3832 ὅταν
1073 3776 1158 3839 πόσις
1176 3779 1276 3853 πικρὸς

816 3867 879 3938 ξυνῇ
896 3869 1008 3934 γυναικὶ
1029 3867 1074 3918 καὶ
1094 3864 1125 3919 τὸ
1145 3865 1214 3936 δῶμ’
1233 3867 1307 3920 ἐστὶν
1324 3864 1434 3938 πικρόν.

359 3959 400 4014 ita
417 3953 499 4012 codex
515 3950 663 4008 verissime.
700 3951 783 4023 ὐῶμα
803 3949 902 4006 dicitur
921 3951 992 4022 quod
1010 3955 1091 4007 antea
1108 3953 1228 4006 πλουσία
1244 3950 1363 4024 τράπεζα
1381 3956 1504 4007 vocatum
1518 3956 1575 4014 ectr

360 4061 409 4100 nec
431 4044 530 4098 desunt
551 4039 653 4094 similia
676 4038 752 4092 uelut
774 4036 844 4092 Med.
863 4039 906 4094 77.
948 4039 1064 4094 fortasse
1088 4039 1138 4094 hoc
1166 4055 1237 4093 nunc
1262 4041 1345 4094 etiam
1363 4039 1512 4094 editoribus
1536 4041 1576 4094 ita

359 4130 508 4193 videbitur,
533 4127 579 4197 qui
602 4125 709 4180 etiamsi
726 4123 847 4194 Scaliger
872 4141 964 4179 verum
982 4125 1168 4195 proposuisset
1186 4125 1280 4181 autin
1298 4141 1386 4182 errore
1405 4126 1575 4196 apographo·

360 4235 420 4272 mm
439 4215 532 4286 (etiam
553 4214 586 4284 Γ)
610 4213 828 4281 conlatornmque
855 4212 1003 4268 subsistere
1027 4215 1076 4268 aut
1094 4211 1269 4268 incredibilia
1287 4214 1376 4268 moliri
1394 4214 1556 4268 maluerunt.

447 4321 475 4390 2)
505 4317 632 4374 Ceterum
657 4317 713 4370 iam
740 4316 820 4371 facile
847 4318 937 4385 patet,
965 4316 1119 4371 Madvicnm
1147 4315 1223 4387 (Λᾶν.
1251 4315 1273 4371 1.
1296 4317 1360 4386 243)
1385 4320 1491 4386 partem
1519 4317 1576 4371 vcri

360 4407 469 4462 vidisse.
505 4406 641 4474 permutat
666 4403 714 4458 ille
741 4401 794 4458 684
819 4405 848 4456 et
872 4403 932 4460 687.
972 4405 1002 4458 at
1021 4402 1139 4472 ponendi
1154 4405 1219 4458 sunt
1235 4403 1295 4458 685.
1314 4403 1338 4458 6.
1359 4405 1382 4463 7.
1399 4404 1417 4457 4
1436 4407 1499 4473 post
1517 4405 1576 4458 690.

360 4499 512 4552 etecusam
532 4490 687 4548 omissionis
706 4493 734 4545 et
752 4506 832 4560 quam
855 4494 919 4560 apta
939 4485 1048 4566 δρώσης
1060 4485 1145 4564 χερός
1163 4492 1199 4543 et·
1210 4490 1279 4564 δρᾶν
1298 4505 1327 4543 se
1345 4490 1480 4560 excipiant
1497 4506 1576 4545 nemo

361 4599 414 4637 uon
432 4581 567 4651 perspicit.
