3594 5292
356 497 387 536 uu
855 519 859 528 .
892 475 1039 532 Praefatio.

356 651 436 738 nati,
459 671 592 736 quorum
613 652 742 718 nomina
754 671 817 716 non
831 670 891 736 per
903 648 1152 716 familiaritatem
1166 654 1287 716 tantum
1301 649 1335 715 in
1350 650 1428 718 artis
1441 658 1569 722 nostrae

355 774 523 842 annalibus
543 774 714 840 manebunt
736 772 917 857 coniuncta,
940 776 973 837 ct
993 771 1138 856 exemplo
1159 771 1363 856 praestitistis
1379 779 1411 839 et
1425 771 1570 844 doctrina

356 895 578 981 confirmastis,
610 915 706 962 unam
740 914 812 961 esse
846 899 947 960 artem
976 897 1135 978 nostram,
1168 894 1264 961 certis
1298 894 1427 978 quidem
1453 896 1569 966 finibus

356 1017 642 1102 circumscriptam,
675 1015 722 1082 ita
751 1020 857 1082 tamen
886 1020 922 1080 ut
948 1013 1033 1081 intra
1061 1013 1119 1081 hos
1142 1013 1222 1082 fines
1242 1014 1321 1080 nihil
1343 1015 1385 1084 sit
1406 1016 1569 1086 diuersum

355 1143 411 1205 aut
432 1137 591 1223 dissitum,
614 1137 703 1204 nulla
724 1135 813 1222 regio
836 1156 918 1220 quae
940 1135 1010 1202 sine
1031 1135 1187 1202 communi
1208 1135 1324 1203 damno
1339 1143 1567 1228 praetereatur,

353 1259 458 1326 nullus
487 1279 566 1345 ager
592 1257 667 1343 quin
693 1258 841 1326 excultus
870 1263 1047 1324 ceterorum
1069 1278 1195 1342 quoque
1216 1258 1411 1327 fertilitatem
1434 1269 1568 1346 augeat:

323 1437 324 1442 ,
354 1403 406 1449 me
436 1401 562 1466 quoque
592 1381 787 1468 philologiae
817 1379 1016 1446 maiestatem
1037 1366 1177 1448 revereri
1198 1379 1350 1449 docuistis
1372 1383 1567 1470 istorumque

354 1523 505 1589 spernere
532 1502 701 1570 audaciam
731 1503 785 1587 qui
806 1508 871 1569 tam
893 1522 1030 1587 magnae
1049 1503 1127 1569 artis
1147 1503 1417 1588 compendiariam
1438 1506 1566 1574 invene-

353 1631 434 1691 runt.
478 1626 586 1709 itaque
620 1645 659 1691 eo
693 1623 779 1708 quod
799 1623 973 1708 Euripidea
1001 1623 1064 1690 sint
1092 1623 1173 1690 hace
1194 1623 1351 1693 Analecta
1377 1649 1441 1695 non
1463 1630 1567 1699 minus

353 1747 410 1812 tibi
440 1746 509 1813 fore
532 1752 664 1833 accepta
687 1745 823 1830 conlid03
845 1765 921 1811 num
936 1745 1118 1829 ceteroquin
1134 1751 1167 1812 te
1182 1744 1280 1832 digna
1295 1748 1373 1834 sint,
1396 1756 1431 1816 tu
1444 1749 1565 1819 videas.

354 1887 405 1933 me
434 1868 512 1933 mihi
541 1868 574 1934 in
601 1867 801 1953 paucissimis
828 1867 1041 1934 satisfecisse
1062 1887 1122 1934 nec
1142 1868 1210 1935 sine
1231 1870 1327 1935 anxio
1350 1871 1463 1938 timore
1486 1873 1567 1941 haec

352 1987 439 2054 foras
470 1987 566 2054 edere
599 2009 663 2054 non
695 1988 860 2054 mirabere.
906 1987 1061 2071 quidquid
1090 2009 1166 2055 vero
1198 1995 1368 2078 statuetur,
1403 2014 1454 2059 me
1483 1996 1566 2063 scias

352 2128 486 2193 meaque
508 2110 615 2176 omnia
634 2116 688 2176 aut
711 2116 796 2176 certe
819 2118 1104 2194 quantumcumque
1126 2111 1159 2176 in
1181 2132 1232 2178 mc
1255 2119 1304 2179 est
1322 2113 1396 2180 boni
1412 2117 1566 2201 probique

352 2231 409 2296 tibi
432 2251 503 2299 esse
525 2231 635 2298 dedita
656 2237 751 2315 atque
771 2229 895 2298 devota.
1018 2243 1027 2265 s

459 2403 630 2469 Berolini
658 2403 705 2469 Id.
729 2403 803 2472 Mai.
829 2411 922 2470 1875.
