3666 5296
841 382 892 439 111.
910 382 936 439 4.
987 421 990 428 -
1445 380 1497 434 213

282 553 337 636 qui
358 553 445 621 hisce
466 556 499 620 in
516 552 627 623 'verbis
650 557 792 625 remedia
806 578 947 624 amorem
963 557 1186 644 compescentia
1199 555 1397 640 intellegunt,
1421 551 1497 618 deli-

282 677 354 724 rare
383 658 502 728 faciunt
523 661 717 747 Euripidem.
763 663 822 730 sed
850 683 891 730 ne
917 683 996 729 vera
1023 662 1152 747 quidem
1178 659 1395 745 interpretatio
1424 658 1498 744 huie

280 763 350 829 loeo
377 766 532 832 convenit.
576 769 729 850 quoniam
760 770 892 848 amasti,
924 789 1062 833 umorem
1089 787 1186 850 quum
1209 749 1324 848 optime
1340 769 1432 846 potes
1454 765 1499 828 od

280 869 376 950 duem
396 871 541 950 perdum
566 873 651 954 quod
678 879 736 940 aut
761 873 894 954 petitas
923 877 982 938 out
1010 872 1081 938 ulio
1109 872 1264 954 quapiam
1293 869 1347 934 ota
1375 869 1498 949 efficere

277 978 373 1055 potes.
419 973 517 1057 quid?
549 993 632 1058 quae
663 977 770 1061 paullo
796 976 879 1042 infra
902 983 1077 1044 extremam
1098 975 1266 1042 audaciam
1288 995 1309 1039 a
1329 972 1497 1039 Phaedrae

280 1076 433 1162 pudicitia
454 1078 591 1166 flagitat,
619 1102 731 1148 eamne
758 1081 924 1168 probabile
946 1088 996 1148 est
1016 1082 1081 1148 iarn
1104 1086 1199 1148 antea
1221 1080 1317 1145 aliam
1341 1086 1372 1145 et
1393 1079 1497 1146 minus

280 1187 404 1267 turpem
437 1184 523 1252 viam
557 1187 587 1251 ei
616 1187 815 1254 monstrare?
860 1205 956 1269 quam
982 1187 1100 1252 misera
1125 1205 1221 1270 porro
1249 1184 1426 1270 scriptoris,
1456 1205 1497 1250 ne

280 1293 409 1373 poetam
430 1287 548 1374 dicam,
571 1310 638 1374 ars,
661 1291 716 1374 qui
735 1291 830 1374 quasi
841 1291 874 1356 in
889 1297 1072 1358 transcursu
1087 1296 1184 1372 utque
1201 1288 1280 1354 nihil
1294 1287 1369 1355 inde
1385 1307 1497 1372 sequa

279 1398 331 1459 tur
364 1391 486 1460 eisdem
513 1395 667 1480 abutitur,
699 1395 733 1462 in
763 1396 877 1478 quihus
905 1416 980 1462 mox
1005 1393 1172 1479 tragoedia
1198 1393 1291 1477 quasi
1311 1393 1345 1458 in
1367 1392 1497 1460 cardine

279 1502 428 1563 vertetur.
482 1497 541 1565 sed
570 1506 605 1566 ut
638 1521 701 1566 non
732 1500 868 1566 sufficiat
901 1521 922 1566 a
954 1500 1077 1566 nutrice
1110 1497 1351 1565 commemorari
1382 1498 1496 1580 quibus

279 1602 326 1667 uti
356 1623 419 1668 non
442 1604 522 1669 vult:
549 1625 609 1670 nec
630 1605 745 1671 chorus
768 1625 828 1671 nec
848 1603 1000 1672 Phaedra
1021 1604 1121 1670 verba
1142 1604 1199 1669 illa
1223 1602 1319 1668 audit.
1364 1601 1497 1668 tollendi
1585 1619 1588 1630 ¹

277 1707 375 1790 igitur
401 1707 540 1791 quinque
568 1729 682 1776 versus
708 1709 769 1776 hoc
792 1710 875 1794 locc;
903 1729 974 1776 curn
1001 1729 1078 1775 vero
1107 1707 1193 1773 haud
1216 1707 1311 1774 dubie
1333 1707 1498 1792 Euripidei

279 1811 354 1895 sint,
377 1832 418 1878 ea
439 1811 566 1878 demum
588 1814 769 1880 coniectura
790 1815 894 1880 locum
914 1833 1107 1899 personasse
1129 1811 1289 1880 censenda
1312 1811 1387 1898 erit,
1414 1832 1496 1896 qnae

278 1914 443 1982 disiectum
465 1918 641 1984 membrum
663 1939 720 1985 sno
742 1920 812 1987 loco
834 1918 1014 1986 restituerit.

365 2021 481 2088 Nutrix
507 2022 690 2089 Phaedram
717 2044 826 2090 amare
853 2023 952 2090 iussit.
1003 2023 1092 2088 cuius
1114 2022 1313 2088 honestatem
1335 2021 1496 2088 inutilibus

278 2125 424 2192 laudibus
452 2127 575 2194 extollit
601 2127 728 2212 chorus,
755 2129 882 2194 utiliora
904 2148 975 2194 esse
997 2127 1128 2194 nutricis
1150 2132 1324 2212 praecepta
1344 2147 1408 2192 non
1429 2125 1496 2192 infi-

278 2231 404 2296 tiatuos.
454 2229 595 2296 nondum
626 2231 720 2297 desiit
742 2231 890 2298 Phaedra
911 2232 944 2296 in
966 2232 1148 2298 universum
1170 2231 1347 2316 disputare,
1375 2229 1496 2296 tumido

278 2355 333 2402 ore
365 2335 507 2421 queritur
536 2355 588 2402 res
618 2336 762 2420 publicas
784 2336 990 2422 privatasque
1012 2336 1106 2402 nimis
1129 2334 1274 2401 dulcibus
1296 2335 1402 2401 verbis
1425 2354 1496 2419 pes-

279 2459 348 2506 sum
381 2439 460 2505 dari.
507 2439 620 2506 hocine
653 2440 779 2506 firmum
811 2441 952 2508 animum
984 2441 1089 2526 sapit?
1140 2441 1233 2506 aliter
1260 2440 1354 2506 sentit
1380 2440 1496 2525 nutrix,

278 2564 360 2627 quae
392 2543 522 2611 tandem
555 2544 678 2611 incesta
708 2545 841 2612 consilia
873 2545 1003 2610 incestis
1036 2545 1143 2610 verbis
1175 2565 1355 2630 proponere
1389 2544 1494 2610 audet.

277 2648 533 2735 patefaciendum
567 2669 639 2716 esse
674 2649 849 2735 Hippolyto
880 2649 1047 2716 Phaedrae
1081 2669 1240 2735 amorem,
1273 2668 1378 2732 neque
1413 2649 1496 2714 enim

278 2754 448 2850 opprobrio
484 2774 556 2820 esse
589 2753 790 2838 vertendum,
829 2774 890 2837 quo
925 2754 992 2820 vita
1024 2754 1092 2820 eius
1121 2754 1213 2820 unice
1239 2754 1341 2838 possit
1363 2753 1494 2820 servari.
1620 2753 1622 2758 '

277 2859 338 2924 hoc
365 2858 496 2923 nimium
523 2863 580 2925 est.
631 2857 810 2924 effervescit
839 2857 1007 2924 Phaedrae
1036 2859 1098 2944 ira,
1133 2864 1221 2924 vetat
1249 2859 1404 2924 nutricem
1432 2863 1495 2922 tur·
1531 2864 1533 2868 ’

277 2963 332 3048 pia
357 2963 472 3028 iterum
497 2962 649 3046 proferre.
699 2962 821 3048 profert
846 2963 903 3028 illa
927 2963 1056 3048 iterum,
1089 2961 1234 3046 ridetque
1261 2963 1377 3028 acerbe
1402 2963 1496 3028 mise-

277 3088 359 3152 ram,
395 3067 446 3133 cui
482 3067 565 3134 inter
606 3068 711 3134 scelus
750 3073 872 3133 tantum
913 3074 944 3134 et
985 3073 1119 3134 mortem
1157 3068 1242 3152 optio
1285 3067 1396 3132 relicta
1438 3073 1495 3133 est.

278 3172 355 3256 quid
376 3171 546 3238 Phaedra?
590 3173 631 3237 ab
662 3173 730 3238 irae
764 3172 922 3238 caloribus
956 3171 999 3238 ad
1030 3171 1154 3240 flebiles
1185 3193 1298 3256 preces
1329 3171 1495 3256 delabitur,

277 3276 422 3343 concedit
451 3277 535 3342 bona
562 3297 633 3344 esse
663 3277 794 3344 nutricis
824 3278 968 3361 consilia,
1003 3277 1061 3344 sed
1090 3277 1204 3362 turpia
1254 3282 1360 3344 tamen
1391 3276 1420 3342 si
1440 3276 1497 3340 illa

277 3388 343 3448 tam
365 3382 447 3447 bene
469 3381 642 3448 defendere
663 3388 779 3467 pergat
800 3383 919 3468 turpia,
946 3381 1053 3450 facere
1075 3402 1111 3448 se
1133 3402 1196 3447 non
1218 3401 1328 3466 posse,
1352 3381 1427 3464 quin
1449 3381 1497 3446 eis

277 3507 360 3569 quae
386 3506 468 3552 nuno
494 3485 596 3570 fugiat
622 3502 657 3552 se
683 3486 798 3570 perimi
824 3487 972 3571 patiatur.
1018 3485 1105 3571 apud
1127 3506 1237 3552 omnes
1260 3486 1399 3552 omnium
1421 3506 1496 3570 gen-

277 3591 355 3656 tium
388 3590 527 3674 tragicos
559 3611 623 3655 non
653 3590 729 3656 novi
760 3589 847 3673 quod
873 3590 956 3657 hane
983 3610 1132 3656 scaenam
1158 3590 1355 3674 praestantia
1381 3589 1495 3656 vincat.

277 3701 311 3762 at
340 3715 442 3778 aeque
465 3693 591 3760 divinae
613 3714 664 3760 me
687 3695 939 3779 commonefacit,
968 3714 1032 3778 qua
1054 3693 1325 3781 Mephistopheles
1343 3694 1497 3762 Faustum

277 3821 298 3866 a
319 3800 439 3882 quiete,
462 3818 559 3882 quam
579 3799 613 3864 in
635 3799 765 3884 rupibus
788 3819 827 3866 ac
849 3798 985 3866 desertis
1007 3819 1214 3884 recuperasse
1237 3799 1297 3866 sibi
1318 3797 1496 3884 videbatur,

277 3903 320 3969 ad
348 3903 502 3989 flagitium
528 3903 656 3988 pellicit.
706 3901 844 3970 Faustus
874 3923 999 3987 quoque
1029 3911 1061 3969 et
1087 3905 1137 3970 ira
1164 3910 1196 3970 et
1218 3904 1366 3989 precibus
1388 3909 1498 3971 contra

277 4010 423 4074 lenonem
444 4013 573 4093 pugnat.
611 4007 728 4074 seimus
751 4007 828 4090 qnid
842 4008 994 4094 proficiat.
1033 4010 1143 4074 nutrix
1158 4023 1283 4094 quoqne
1297 4008 1387 4075 fatua
1402 4015 1497 4094 esset,

279 4113 306 4178 si
335 4119 455 4178 certam
481 4112 647 4178 victoriam
675 4133 693 4177 e
719 4113 866 4180 manibus
894 4113 977 4180 elabi
999 4119 1170 4198 pateretur.
1217 4113 1390 4180 secundum
1413 4111 1497 4180 ccdi-

278 4238 331 4284 ces
354 4223 386 4284 et
408 4217 546 4282 editores
568 4217 614 4281 ita
635 4217 741 4302 pergit

387 4325 448 4386 507
495 4315 530 4383 εἴ
547 4341 599 4386 τοι
622 4321 711 4385 δοκεῖ
734 4341 801 4399 σοι,
823 4325 900 4408 χρῆν
922 4318 979 4403 μὲν
1002 4318 1040 4387 οὔ
1061 4323 1092 4384 σ’
1116 4315 1323 4408 ἁμαρτάνεινλ

496 4420 524 4488 εἰ
549 4425 576 4488 d'
601 4416 671 4499 orb,
697 4429 808 4490 πιθοῦ
829 4417 900 4508 pbr,
925 4422 1056 4512 δευτέρα
1078 4424 1138 4521 γὰρ
1161 4420 1179 4523 ἡ
1199 4420 1310 4522 χάρις*

497 4523 584 4592 ἔστιν
608 4531 676 4594 κατ’
700 4524 810 4607 οἴκους
831 4526 950 4618 φίλτρα
972 4524 1036 4594 uui.
