3594 5292
808 347 830 400 I.
848 349 873 402 8.
1408 353 1441 408 61

222 519 263 586 10
289 520 404 604 spatiis
426 521 552 604 vacuis,
576 541 615 586 ex
637 527 671 585 ‘dl
693 522 801 606 igitur,
825 521 915 588 addit
935 542 1143 606 personarum
1165 526 1291 592 notulas
1314 525 1357 591 0²
1380 532 1444 592 890

223 629 306 692 ante
334 619 373 688 ἱώ
407 623 518 708 στέγαι
577 633 639 690 893
673 633 746 692 9099
778 622 818 690 Ze)
847 625 943 708 δόμοι
1000 633 1063 692 900
1098 636 1170 695 9099
1204 625 1245 694 αἲ
1271 625 1312 694 αἲ
1340 635 1444 694 κακῶν

224 734 292 794 901
323 723 638 816 90990101οῆ00
692 737 753 794 906
782 736 855 796 9099
883 721 922 818 ἦῆ
968 725 1308 799 911909901190901.
1355 753 1446 818 prae·

194 874 196 878 4
223 838 320 900 terea
341 833 439 898 erasit
453 839 516 898 896
532 857 553 897 α
567 833 600 898 10
615 830 719 911 τέκνα,
733 841 807 919 post
821 830 976 920 ἐξορμᾶτε
991 841 1026 900 09
1040 835 1166 902 videtur
1181 861 1191 897 .·
1213 837 1358 912 addidit;
1371 831 1445 922 post
1485 832 1488 838 ’

225 935 379 1018 πέμπεις
408 943 489 1023 908,
518 939 625 1022 posuit
644 939 677 1004 in
694 958 806 1006 rasura
825 932 845 1025 ἢ
867 945 929 1006 916
952 939 986 1006 10
1008 958 1162 1021 quocum
1185 947 1311 1007 secutus
1333 949 1383 1008 est
1403 947 1446 1026 Γ;

224 1043 330 1109 erasit
361 1049 422 1108 918
456 1050 492 1108 09
512 1043 638 1110 videtur
657 1068 680 1127 .·,
707 1043 867 1127 supplevit
886 1071 896 1106 .·
919 1049 992 1128 post
1014 1039 1239 1132 παιδοτρόφον
1261 1051 1342 1129 909,
1373 1053 1446 1130 post

225 1136 312 1210 ἅοὰν
345 1154 419 1212 917.
470 1167 584 1214 rasura
612 1153 686 1231 post
715 1147 815 1212 στένω
846 1154 910 1211 900
938 1147 1363 1234 901090199999109909,
1393 1150 1447 1232 001

224 1250 312 1318 falso
339 1251 409 1317 loeo
437 1257 515 1337 ορο
544 1252 716 1336 scripserat
742 1258 775 1318 et
804 1271 944 1318 errorem
972 1257 1038 1317 900
1066 1251 1193 1318 demum
1213 1252 1446 1338 animadvertit,

225 1374 302 1422 cunr
335 1361 519 1438 sequentem
552 1376 678 1424 versum
711 1357 889 1440 incepisset.
947 1356 1054 1439 itaque
1087 1357 1384 1440 110000009ορ0
1411 1357 1444 1424 10

227 1479 346 1554 rasura
368 1466 424 1526 est
470 1465 500 1522 Γ
522 1461 651 1544 proprio
679 1461 755 1528 vitio
784 1463 848 1524 ποῖ
868 1461 1010 1546 praebet
1055 1465 1224 1544 praeterea
1245 1481 1316 1526 curn
1336 1454 1370 1525 O*
1392 1461 1445 1527 vel

227 1562 274 1628 02
298 1565 467 1648 consentit,
490 1565 698 1650 9911090199,
722 1571 757 1630 ut
779 1585 942 1647 0099000
962 1565 1179 1649 intellegeret,
1206 1585 1317 1632 omnes
1338 1565 1444 1632 omisit

225 1687 331 1750 usque
355 1667 397 1733 ad
419 1673 500 1753 Χορ,
525 1676 588 1734 920
613 1669 726 1736 eodem
753 1670 847 1736 modo
870 1689 966 1751 quern
986 1675 1093 1736 cetera
1112 1687 1236 1751 quoque
1258 1668 1445 1754 apographa

226 1779 341 1838 secuta
362 1779 442 1839 sunt.
487 1793 560 1839 sera
589 1793 702 1840 manus
728 1775 761 1838 in
786 1778 816 1835 Γ
836 1811 877 1820 -
900 1779 974 1840 9099
998 1780 1060 1838 916
1087 1773 1202 1857 posuit
1247 1793 1264 1838 0
1286 1773 1357 1850 διὸς
1378 1775 1443 1837 ποῖ

227 1882 294 1940 900
323 1877 439 1962 traicit,
478 1885 540 1942 915
562 1882 665 1964 χεῖρες
690 1878 799 1944 scribit
828 1884 861 1944 et
890 1877 1030 1943 traiectis
1058 1877 1221 1944 vocabulis
1242 1883 1298 1944 aut
1319 1878 1443 1960 magnis

224 1980 407 2048 110919907
439 1980 594 2068 μελάθρου
639 1991 701 2048 913
724 1983 842 2059 παῖδες
870 1983 1045 2048 membrum
1070 1980 1259 2066 rythmicum
1278 2003 1341 2048 000
1362 1981 1445 2048 finiri

226 2085 395 2168 signifieat.
1206 2148 1210 2157 ,

319 2211 383 2276 000
413 2190 491 2256 mihi
527 2192 658 2275 contigit
682 2198 718 2256 ut
751 2190 1005 2258 emendationem
1033 2191 1147 2256 cantici
1174 2191 1266 2257 novis
1295 2191 1444 2258 subsidiis

229 2294 354 2360 innisus
377 2294 569 2378 perficerem.
615 2303 649 2361 at
670 2297 786 2370 utiam
809 2287 1007 2380 exploratum
1028 2301 1090 2381 est,
1113 2293 1342 2378 quodquidam
1361 2296 1443 2361 eoni-

230 2398 345 2465 019000
374 2398 517 2466 adsecuti
539 2407 643 2485 erant,
673 2401 874 2485 stropharum
893 2401 1001 2467 lacera
1022 2399 1165 2466 membra
1187 2419 1370 2484 superesse,
1399 2400 1445 2465 ita

230 2504 388 2570 canticum
402 2505 485 2571 inter
499 2525 653 2590 personas
668 2505 806 2570 divisum
821 2523 892 2570 esse
908 2503 1168 2592 codextestatur.
1200 2523 1246 2568 vs.
1262 2509 1441 2570 890-892

229 2615 442 2674 99893-95
476 2609 678 2676 hemichoriis
708 2608 877 2675 tribuenda
905 2613 990 2693 puto.¹
1044 2614 1077 2672 at
1105 2606 1192 2690 loqui
1221 2607 1317 2672 etiam
1348 2607 1443 2672 aliam

229 2734 410 2800 personam,
433 2715 517 2779 intra
539 2713 666 2779 domum
682 2714 810 2799 scilicet,
832 2732 944 2779 versus
961 2719 1024 2777 900
1040 2749 1081 2758 -
1096 2706 1298 2776 ulciscaris·
1314 2749 1355 2759 -
1372 2707 1443 2776 αἰαῖ

230 2820 313 2906 δῆτα
340 2813 395 2884 τὸν
420 2816 547 2902 γεραιὸν
575 2814 618 2894 ὡς
639 2815 741 2884 στένω
769 2818 891 2884 evincit.
943 2836 1003 2882 nee
1031 2816 1198 2898 quisquam
1227 2815 1299 2881 11109
1327 2816 1442 2883 clamo-

229 2943 284 2989 res
307 2922 403 2988 edere
424 2929 530 3007 potest
548 2924 610 2990 nisi
632 2923 827 3007 Amphitruo.
873 2928 945 2988 sunt
964 2941 1045 3004 0099
1060 2921 1124 2986 190
1138 2913 1232 2987 190119
1247 2919 1442 3005 dirimantur,

229 3047 303 3092 eum
329 3033 436 3092 tamen
462 3048 544 3110 quae
569 3048 632 3093 non
663 3027 776 3094 eadem
805 3026 1026 3113 probabilitem
1049 3026 1216 3091 enucleare
1238 3025 1358 3109 possim
1379 3045 1443 3090 non

230 3130 353 3216 desint,
377 3131 521 3198 cohibitis
544 3132 760 3197 conaminibus
783 3131 958 3196 acutorum
979 3129 1130 3194 iudicium
1152 3134 1322 3213 expectare
1336 3129 1443 3196 malui.

319 3235 443 3318 00090
466 3235 593 3301 claudat
614 3237 796 3320 Electra,
830 3233 1044 3318 0099019100
1069 3233 1138 3299 loeo
1160 3252 1299 3318 semper,
1337 3252 1440 3317 neque

231 3339 292 3405 hoc
314 3345 436 3404 tantum
458 3341 599 3424 nomine,
627 3341 702 3424 poni
724 3340 813 3406 solet.
862 3344 971 3404 notum
996 3343 1045 3403 est
1071 3335 1241 3402 editionem
1268 3336 1443 3422 prinoipem

232 3465 254 3509 9
274 3447 310 3509 Ρ.
340 3444 479 3510 Victorio
509 3445 628 3518 Romae
650 3448 732 3508 1545
766 3448 912 3528 paratam
944 3462 1025 3510 9999.
1082 3441 1136 3523 001
1167 3461 1304 3524 000090
1334 3439 1443 3508 codice

232 3569 310 3616 0909
332 3555 418 3616 esset
432 3569 496 3614 non
510 3548 670 3632 indicavit,
693 3553 727 3612 at
742 3547 841 3612 fuisse
855 3547 1103 3612 Laurentianum
1118 3544 1236 3610 dudum
1250 3545 1443 3611 intellectum

233 3659 296 3738 est,
319 3653 519 3738 positumque
542 3672 614 3718 eum
635 3652 668 3716 in
689 3651 881 3717 bibliotheca
900 3652 932 3716 S.
947 3649 1108 3716 Laurentii
1125 3669 1164 3714 eo
1179 3655 1321 3734 tempere
1335 3648 1443 3734 irrisae,

233 3779 304 3822 cum
333 3757 460 3824 aliunde
490 3757 648 3840 colligitur
675 3761 741 3820 tum
772 3755 847 3838 quia
871 3755 905 3820 in
934 3754 1009 3821 folio
1032 3753 1171 3838 quodam
1192 3752 1326 3818 Medeae
1349 3753 1442 3839 (172)

231 3882 346 3928 nomen
380 3883 471 3930 9000
496 3861 683 3927 Franciscus
705 3860 806 3944 Zephi
831 3860 948 3944 intulit,
976 3858 1145 3925 canonicus
1174 3857 1215 3923 iis
1243 3857 1438 3941 temporibus

233 3967 266 4034 S.
288 3968 451 4034 Laurentii
479 3966 519 4032 de
550 3986 612 4048 quo
643 3965 682 4030 cf.
712 3964 862 4030 Bandinii
885 3963 1031 4030 indicem.
1077 3983 1118 4028 ex
1140 3961 1271 4027 Victorii
1304 3961 1442 4028 editione

233 4072 375 4138 recensio
402 4069 567 4156 pependit,
598 4069 699 4135 donec
730 4068 986 4154 apographorum
1015 4067 1162 4132 simulata
1180 4065 1350 4132 auctoritas
1371 4060 1442 4130 eam

232 4175 425 4258 infringeret
469 4195 571 4259 nuper
592 4173 719 4240 demum
742 4173 784 4237 ad
799 4178 1010 4257 contemptam
1028 4171 1169 4236 fabulam
1181 4170 1321 4236 virorum
1336 4169 1440 4234 docto·

232 4299 302 4344 rum
325 4279 463 4345 studium
485 4298 520 4345 se
539 4279 701 4344 convertit.
737 4297 852 4342 novam
874 4275 991 4342 codicis
1013 4275 1222 4340 conlationem
1241 4273 1340 4339 edidit
1356 4280 1439 4338 1869

233 4383 385 4467 Upsaliae
418 4381 451 4450 O.
474 4383 510 4449 A.
534 4383 694 4467 Walberg.
744 4387 778 4446 at
810 4380 945 4446 conlatio
977 4379 1070 4464 parvi
1099 4377 1310 4462 aestimanda,
1343 4376 1440 4442 editio

231 4487 372 4573 pessima
393 4493 458 4571 est,
482 4493 517 4552 ut
537 4487 606 4554 iure
628 4486 669 4554 de
692 4506 732 4552 ea
753 4485 887 4552 tacuerit
905 4483 1136 4568 Kirchhoffius,
1159 4500 1230 4546 cum
1251 4482 1284 4546 in
1301 4481 1439 4548 Hermae
