3666 5296
356 403 409 457 eoa
496 391 498 394 ’
623 477 624 480 Ν
915 403 965 458 111.
984 405 1009 458 a

353 575 387 641 id
415 575 521 660 ipsum
550 574 685 660 scriptor
709 575 860 640 versiculi
885 575 978 662 dixit,
1009 598 1072 643 non
1094 570 1170 643 οἶδα
1192 579 1250 644 sed
1270 570 1343 644 εἶδα
1364 587 1420 646 aut
1441 577 1568 664 scripsit

354 685 409 745 aut
431 680 569 756 seribere
591 679 705 764 voluit,
726 680 829 746 forma
850 680 977 765 plebeia
999 682 1057 748 sed
1080 681 1176 748 valde
1198 684 1336 767 antiqua.

440 818 506 883 Ion
530 823 591 882 632
953 851 954 858 ν

693 951 694 954 ¹
745 895 782 970 οὗ
804 907 889 991 φιλῶ
913 903 1036 991 ψόγους
1058 905 1163 974 κλύειν

570 1005 605 1074 ἐν
623 1005 714 1094 χερσὶ
735 1007 842 1095 σῴζων
864 1005 962 1093 ὄλβον
980 1002 1046 1076 οὐδ’
1069 1007 1151 1092 ἔχειν
1172 1006 1291 1090 πόνοις

569 1109 629 1202 [εἴη
649 1115 675 1198 γ’
695 1109 768 1196 ἐμοὶ
788 1112 902 1200 μέτρια
924 1113 968 1202 μὴ
991 1114 1191 1204 λυπουμένῳ]

574 1209 646 1283 dd'
670 1211 784 1283 ἐνθάδ’
808 1210 894 1298 εἶχον
915 1209 1014 1303 ἀγάθ’
1038 1215 1177 1285 ἄκουσόν
1198 1244 1272 1302 μου,
1298 1217 1411 1306 πάτερ,

569 1321 626 1410 τὴν
649 1316 805 1410 φιλτάτην
826 1320 884 1404 μὲν
905 1327 1035 1410 πρῶτον
1056 1315 1250 1412 ἀνθρώποις
1273 1319 1388 1412 σχολήν
1410 1319 1475 1389 aad.

439 1444 635 1530 Byzantinae
668 1449 790 1508 tantum
823 1444 893 1508 auri
930 1464 1061 1510 suavem
1092 1465 1221 1510 versum
1250 1445 1368 1510 frustra
1395 1447 1563 1527 corrigunt.

352 1551 406 1632 qui
435 1570 498 1614 non
521 1549 623 1614 solum
651 1548 803 1613 orationis
824 1547 984 1632 placidum
1009 1569 1134 1616 oursum
1154 1550 1355 1634 interrumpit
1386 1548 1564 1615 sedetiam

349 1655 464 1719 falsam
486 1654 550 1718 vim
571 1652 725 1718 vocabulo
749 1649 868 1728 πόνους
889 1653 1006 1718 tribuit.
1043 1654 1250 1738 interpolator
1265 1655 1349 1719 enim
1368 1674 1461 1718 ouras
1476 1654 1564 1718 intel-

351 1759 442 1842 legit,
466 1755 636 1840 Euripides
657 1757 786 1838 negotia
808 1757 965 1840 voluerat,
988 1758 1137 1840 quoniam
1160 1756 1274 1844 σχολήν
1296 1759 1452 1842 opposuit.

437 1861 546 1943 Longe
575 1860 810 1924 memorabilius
838 1862 1017 1945 exemplum
1043 1861 1141 1926 iambi
1162 1861 1331 1946 Byzantini
1353 1863 1385 1926 in
1408 1863 1563 1927 oantioum

349 1966 462 2032 intrusi
495 1964 625 2048 eopiosa
653 1962 866 2047 disputatione
896 1964 1133 2049 demonstrabo,
1171 1966 1198 2030 si
1225 1965 1302 2030 mihi
1334 1967 1501 2048 eontigerit
1530 1971 1564 2030 ut

349 2077 449 2135 totum
472 2069 627 2132 oantioum
649 2068 838 2152 perpoliam,
866 2067 951 2150 quod
972 2076 1046 2153 post
1067 2089 1183 2135 novam
1205 2069 1333 2134 demum
1355 2055 1563 2134 conlationem

351 2180 436 2239 reate
451 2178 557 2257 potest
571 2171 649 2237 fieri.
673 2171 772 2254 digito
788 2177 895 2238 tamen
909 2173 1092 2238 monstrabo
1107 2193 1235 2238 versum
1249 2173 1355 2259 ipsum
1367 2173 1482 2238 Baooh.
1500 2179 1562 2238 593

647 2286 807 2369 Διόνυσος
831 2283 1025 2372 ἅλολάζετοιι
1048 2290 1161 2381 στέγης
1183 2288 1257 2358 ἔσω.

437 2413 503 2480 Sed
535 2414 649 2478 mirum
682 2421 767 2479 esset
799 2414 861 2478 nisi
893 2413 1082 2497 aliquotiens
1108 2415 1293 2499 Byzantinis
1322 2415 1507 2498 contigisset
1528 2420 1563 2479 ut

348 2541 475 2586 versum
506 2539 569 2584 non
602 2518 750 2610 olaudum
775 2517 917 2584 facerent
942 2517 1148 2608 (quamquam
1175 2518 1358 2584 olaudorum
1384 2520 1478 2584 turba
1498 2540 1562 2584 non

349 2646 451 2710 parva
472 2623 550 2711 est),
575 2623 670 2706 longe
693 2629 799 2688 autem
822 2623 972 2688 absumus
995 2624 1036 2688 ab
1060 2644 1097 2688 eo
1120 2623 1195 2708 fine,
1218 2644 1311 2706 quem
1332 2624 1447 2707 attingi
1467 2644 1562 2708 posse

349 2728 458 2814 oredo,
497 2734 533 2792 ut
560 2727 693 2793 noviciis
717 2727 1012 2812 interpolationibus
1039 2729 1209 2794 liberemus
1236 2728 1397 2813 Euripidis
1423 2729 1562 2793 fabulas:

348 2853 422 2899 nam
445 2833 485 2898 ab
507 2831 733 2914 antiquissimis
756 2833 954 2898 emblematis
976 2851 1125 2914 umquam
1148 2853 1218 2898 eum
1241 2839 1410 2918 purgatum
1431 2833 1470 2897 iri
1491 2853 1562 2916 spe-

348 2959 421 3003 rare
453 2957 517 3001 non
548 2937 629 3002 lioet.
675 2935 734 3001 sed
759 2957 821 3001 non
846 2957 919 3001 raro
942 2935 1046 3001 adhue
1074 2939 1179 3004 evenit
1200 2943 1235 3002 ut
1256 2937 1383 3002 infimae
1405 2937 1564 3003 barbariei

347 3042 432 3108 fetus
460 3049 621 3122 tamquam
650 3039 864 3106 florentissimi
893 3048 1007 3126 poetae
1030 3062 1173 3126 propago
1197 3043 1442 3107 oirouml'eratur.
1492 3062 1565 3108 eooe

351 3147 472 3229 aliquot
494 3145 660 3229 exempla,
682 3151 717 3210 ut
739 3151 829 3230 puto,
852 3145 1030 3211 manifesta.

435 3301 545 3366 Andr.
570 3307 633 3366 273

740 3385 843 3453 δεινὸν
865 3389 893 3454 δ’
918 3385 1141 3473 {pneumate
1162 3379 1281 3476 ἆγρίων

565 3489 627 3579 ἄκη
649 3496 798 3577 βροτοῖσι
820 3497 908 3558 θεῶν
929 3491 1133 3581 καταστῆσαί
1154 3516 1242 3558 τινα·

563 3587 586 3660 d?
608 3597 636 3662 δ’
656 3591 722 3661 ἔστ’
743 3592 868 3686 ἐχίδνης
890 3596 946 3662 καὶ
968 3596 1072 3683 πυρὸς
1093 3585 1277 3683 περαιτέρω

565 3696 667 3779 οὐδεὶς
688 3698 836 3786 γυναικὸς
857 3696 997 3788 φάρμακ’
1021 3699 1171 3792 ἒξνγῦρηκέ
1192 3728 1257 3780 πω,

562 3803 688 3893 [κακῆς
711 3799 866 3872 τοσοῦτόν
889 3805 985 3890 ἐσμεν
1008 3799 1201 3895 ἀνθρώποις
1223 3805 1330 3896 κακόν]

346 3928 504 4012 ignoravit
526 3927 706 3993 scholiasta.

434 4082 548 4148 Andr.
574 4089 635 4148 937

563 4193 654 4288 κοῖγώ
677 4196 818 4269 κλύουσα
836 4199 952 4271 τούσδε
971 4201 1127 4296 Σειρήνων
1150 4204 1264 4292 λόγους

564 4305 686 4395 [σοφῶν
709 4302 898 4395 πανούργων
918 4307 1076 4376 ποικίλων
1096 4307 1293 4399 λαλημολτιον]

564 4405 769 4500 ἐξηνεμώιλνγν
790 4409 905 4501 μωρίᾳ.

347 4534 488 4604 scholion
510 4531 694 4619 Byzantinis
716 4535 856 4601 numeris
879 4537 1097 4621 oonsoriptum.
