3666 5296
821 411 874 466 ΠΙ.
892 408 917 465 7.
1422 405 1474 464 232

264 588 419 656 Hercules
451 588 519 656 fere
552 608 655 654 vacua
688 593 745 654 est.
797 589 998 653 concesserat
1028 583 1173 651 Theseus
1203 582 1350 650 Herculis
1383 581 1477 648 malis

266 695 389 760 caelum
410 695 514 778 tangi3
544 699 611 759 tum
631 693 685 758 ille

353 806 435 864 1241
601 793 713 880 τοιγὰρ
733 792 1016 880 παρεσκευάσμεθ’
1038 790 1121 858 ὥστε
1143 795 1320 858 κατθανεῖν

453 921 454 924 ’
487 903 559 966 ΘΗ.
604 901 713 976 δοκεῖς
732 889 877 964 σλιτειλῶν
898 904 963 962 σῶν
985 895 1092 980 μέλειν
1112 921 1143 962 τι
1166 893 1337 979 ὄαίμοσιν,·

263 1006 319 1072 ubi
348 1012 422 1072 sunt
442 1006 590 1072 Herculis
618 1004 747 1070 minae?
790 1024 866 1068 num
889 1003 1033 1069 Theseus
1055 1003 1168 1072 melius
1191 1021 1286 1084 quam
1307 1021 1367 1068 noc
1388 1002 1477 1068 intel-

264 1110 342 1194 legit
375 1108 452 1194 quid
476 1111 554 1176 mali
583 1109 636 1176 dei
666 1129 725 1193 per
746 1108 893 1174 Herculis
920 1113 1053 1173 mortem
1075 1107 1260 1192 patiuntur?
1304 1108 1372 1172 vult
1394 1107 1478 1172 enim

266 1235 301 1279 re
323 1235 402 1280 vera
423 1215 504 1280 mori
526 1214 694 1298 Herculeo,
723 1211 781 1299 sed
806 1233 871 1278 non
892 1212 996 1278 minus
1018 1231 1129 1277 verum
1149 1217 1197 1277 est
1219 1215 1292 1276 ante
1315 1231 1388 1277 eum
1409 1231 1478 1278 ver-

266 1337 351 1404 oum,
380 1338 443 1402 quo
470 1319 635 1386 consilium
656 1317 736 1382 illud
758 1316 862 1402 aperit
880 1316 1051 1400 Herculeo,
1082 1315 1209 1382 Thesea
1227 1315 1306 1381 nihil
1327 1315 1389 1381 huo
1407 1335 1478 1400 per-

265 1423 369 1489 tinens
391 1423 560 1491 audivisse.
607 1443 680 1489 ecce
700 1422 801 1488 verba
821 1421 894 1506 ipsa
1416 1499 1420 1506 .

334 1535 418 1593 1246
469 1529 542 1592 ΘΗ.
586 1521 719 1612 ὁράσεις
741 1523 777 1592 δέ
797 1524 835 1611 δὴ
858 1521 907 1605 τίς
929 1527 991 1590 noi
1013 1521 1106 1610 φέρει
1128 1517 1349 1607 θυμούμενσς;

470 1634 539 1697 ΗΡ.
584 1628 694 1696 θανὼν
717 1626 861 1714 ὅθενπερ
884 1621 988 1716 ἦλθον
1011 1619 1157 1716 εἶμιψμῆς
1176 1623 1251 1696 ὕπο.

266 1736 383 1803 menda
401 1756 513 1804 versus
536 1742 618 1800 1241
634 1735 805 1804 manifesta
821 1740 885 1818 est,
908 1732 1083 1800 remedium
1097 1732 1175 1798 mihi
1189 1733 1369 1819 obscurum,
1395 1733 1481 1817 quod

219 1917 223 1924 ,
267 1863 305 1908 ευ
335 1841 438 1924 magio
471 1840 563 1906 doleo
596 1859 658 1923 quo
691 1840 794 1906 minus
825 1839 1006 1922 excogitare
1034 1858 1179 1924 possum,
1215 1837 1292 1921 quid
1320 1839 1397 1906 mali
1417 1837 1480 1904 diis

266 1952 367 2012 morte
389 1965 449 2012 sua
469 1944 596 2013 adferre
617 1944 753 2012 voluerit
775 1943 939 2012 Herculeo.

358 2049 413 2116 Vs.
437 2057 500 2116 1ro
823 2029 846 2070 '³

365 2157 488 2219 Amo.
532 2155 578 2242 τῷ
598 2157 655 2220 τοῦ
674 2151 756 2230 Διὸς
778 2150 837 2234 μέν
858 2149 939 2229 Ζεὺς
960 2142 1106 2236 ἀμυνέτω
1126 2150 1219 2240 μέρει

529 2251 663 2336 παιδός·
686 2254 723 2323 τὸ
745 2257 772 2322 d’
792 2251 838 2334 εἰς
861 2251 922 2338 ἔμ’,
940 2250 1126 2343 Ἡράκλεις,
1150 2253 1225 2339 ἐμοὶ
1246 2253 1337 2340 μέλει

529 2357 655 2447 λόγοισι
677 2360 733 2450 τὴν
755 2360 841 2428 τοῦδ’
867 2350 1017 2444 ἀμαθίαν
1038 2356 1121 2447 ὑπέρ
1143 2357 1243 2426 σέθεν

533 2466 646 2546 δεῖξαι,
1298 2497 1303 2510 ·

226 2651 228 2656 ,
268 2571 446 2640 laudandus
481 2577 529 2638 est
554 2570 719 2638 Nauokiue
751 2568 837 2653 quod
862 2569 1004 2636 molestie
1037 2569 1170 2653 argutiis
1203 2569 1411 2654 interpretum
1436 2569 1483 2634 nti

269 2678 380 2763 noluit,
413 2676 471 2750 scd
505 2695 587 2759 quae
613 2673 780 2760 temptavit
807 2695 828 2740 a
853 2674 1082 2742 sententiarum
1115 2693 1198 2740 nexu
1230 2694 1298 2752 non⁸
1327 2691 1481 2741 commen·

270 2781 396 2866 dantur,
423 2779 658 2846 Hcrwcrdenue
679 2801 719 2846 ne
736 2779 854 2864 speciei
869 2778 997 2863 quidem
1011 2777 1242 2864 probabilitatis
1258 2777 1385 2845 studuit.
1428 2779 1483 2863 qui

270 2886 312 2952 ad
333 2885 429 2952 totius
449 2886 512 2951 loci
534 2883 814 2950 conformationem
840 2885 965 2969 singula
989 2883 1144 2967 exegerit,
1175 2883 1338 2968 intelleget
1352 2881 1482 2968 Amphi-

268 2997 414 3076 tryonem
440 2989 558 3056 auxilio
584 2987 669 3073 quod
698 2989 769 3073 ipsc
797 2989 928 3056 Herculi
954 2988 1061 3054 verbis
1089 2987 1174 3053 ferre
1193 2992 1300 3072 potest
1322 3007 1482 3072 opponere

270 3095 421 3160 auxilium
454 3093 539 3177 quod
574 3115 595 3159 a
619 3094 695 3159 Iove
726 3099 885 3178 expectat,
910 3091 1110 3160 intercidisse
1128 3092 1225 3175 igitur
1247 3111 1391 3177 versum,
1416 3112 1480 3176 quo

268 3199 384 3264 iustum
416 3219 549 3267 acumen
580 3197 732 3264 orationis
758 3197 965 3264 caeleritate
994 3216 1090 3280 quam
1112 3195 1268 3262 antitheta
1288 3195 1481 3282 flagitarent,

270 3323 455 3388 expressum
478 3309 570 3370 esset
614 3302 660 3368 ite
680 3301 748 3368 fere
769 3301 939 3387 Euripides
962 3301 1091 3386 scripsit

508 3412 555 3492 τῷ
579 3410 636 3471 τοῦ
658 3404 741 3482 Διὸς
761 3403 820 3487 μέν
841 3403 922 3482 Ζεὺς
944 3399 1088 3488 ἀμυνέτω
1109 3403 1199 3490 μέρει

444 3505 579 3596 «σῴζων
599 3508 641 3576 τὰ
664 3506 791 3596 φίλτατ’
813 3505 906 3594 εἴπερ
930 3505 996 3576 ἔστ’
1017 3505 1099 3594 έργιμ
1124 3506 1254 3595 accipe>

445 3609 579 3692 παιδός·
604 3613 642 3678 τὸ
667 3614 694 3678 δ’
717 3609 764 3690 εἰς
786 3609 834 3695 ἔμ’
854 3610 1038 3698 Ἡράκλεις,
1072 3609 1144 3694 ἐμοὶ
1165 3609 1254 3694 μέλει

444 3713 568 3802 λόγοισι
591 3716 648 3804 τὴν
672 3717 757 3782 τοῦδ’
780 3712 931 3798 ἀμαθίαν
951 3711 1032 3801 ὑπὲρ
1055 3712 1154 3780 σέθεν

446 3821 559 3901 δεῖξαι.
590 3845 593 3850 ’

271 3949 347 3996 nam
378 3928 491 3994 multos
524 3945 636 3992 versus
664 3925 814 3992 librarius
842 3925 875 3990 in
902 3924 1040 3991 Hercule
1069 3924 1190 4008 omisit,
1224 3924 1311 3990 velut
1339 3925 1410 4010 ipso
1430 3925 1485 3992 illo

271 4035 354 4118 loco,
380 4053 474 4116 quem
493 4029 683 4116 Amphitryo
704 4028 756 4094 hic
778 4029 906 4114 respicit
922 4035 983 4094 149
1007 4048 1124 4112 magne
1137 4048 1214 4113 pars
1231 4047 1273 4097 ex
1286 4029 1366 4114 Lyci
1380 4029 1484 4098 decla

272 4137 410 4202 matioue
438 4133 609 4218 intercidit,
634 4135 718 4200 inter
742 4137 804 4196 592
837 4139 869 4198 et
892 4138 954 4198 593
978 4133 1078 4198 oratio
1100 4132 1268 4198 manifesto
1287 4132 1369 4218 hiat,
1400 4131 1486 4198 deni-

274 4263 335 4325 que
365 4239 419 4328 (ne
455 4240 577 4306 cantica
611 4236 777 4325 attingam)
809 4243 883 4304 ante
916 4243 1000 4304 1404
1030 4257 1142 4307 vernus
1168 4236 1287 4306 Thesei
1317 4236 1487 4323 intercidit,

274 4345 359 4429 quod
380 4364 443 4410 non
469 4364 511 4412 ex·
538 4342 763 4428 stichomythia
791 4342 882 4408 laesa
909 4339 1063 4408 concludo
1082 4340 1179 4428 (quae
1201 4361 1264 4408 non
1283 4339 1487 4430 laederetur),

275 4448 333 4516 eod
359 4447 450 4514 deest
471 4467 533 4531 quo
556 4448 703 4516 Herculis
725 4447 825 4514 verba
845 4445 1016 4514 amicitiam
1031 4445 1149 4517 Thcoei
1170 4444 1334 4516 laudantia
1348 4445 1487 4515 referan-

274 4559 338 4639 tur,
362 4559 393 4617 ct
416 4553 572 4619 consentit
595 4551 732 4635 quodam
754 4550 849 4618 modo
869 4549 970 4621 codex
991 4551 1045 4634 qui
1067 4558 1151 4624 1404
1166 4550 1315 4624 lineolam
1330 4549 1486 4642 praefigit.
