3666 5296
835 415 886 473 111.
904 412 930 473 7,

411 595 492 656 1311
540 587 598 656 οὐκ
621 582 709 656 ἔστιν
730 583 828 656 dita
850 587 1012 676 δαιμόνων
1034 588 1122 677 dyeia
1143 587 1198 657 ὅδε

536 690 633 784 ἢτῆς
656 693 740 773 Διὸς
758 691 934 783 δάμαρτος,
958 689 994 762 τά
1015 689 1083 762 τόδ’
1105 691 1283 773 αἰσθάνεις.

536 798 766 887 παραινέσαιμ’
788 794 829 865 dv
851 801 972 884 μᾶλλον
993 795 1015 889 ἢ
1036 797 1174 882 πάσχειν
1196 801 1310 886 κακῶς,

538 896 646 982 οὐδεὶς
667 902 703 970 δὲ
724 907 854 992 θνητῶν
871 903 1076 986 adiutrixque
1098 899 1257 994 ἀκήρατος
1278 921 1281 931 “

275 1023 419 1111 plerique
439 1025 596 1093 editorum
611 1047 683 1093 cum
696 1026 859 1111 scaligero
874 1034 949 1113 post
965 1036 1048 1095 1312
1068 1029 1201 1094 lacunae
1222 1026 1348 1111 signum
1362 1030 1489 1111 ponunt.

275 1136 387 1197 contra
413 1131 509 1199 sentit
529 1130 703 1198 Nauchius.
749 1152 809 1216 ego
831 1132 910 1198 nihil
930 1131 1077 1218 adfirmo,
1106 1131 1256 1216 quonium
1277 1129 1490 1215 corruptelam

275 1255 322 1302 vs.
346 1243 430 1303 1313
458 1242 546 1302 certa
570 1237 693 1304 ratione
716 1256 831 1303 sanare
851 1257 916 1304 non
936 1257 1083 1322 possum,
1106 1255 1210 1320 neque
1228 1235 1389 1321 persuasit
1413 1234 1491 1301 mihi

275 1339 440 1407 Nauckius
474 1341 618 1425 quamvis
650 1340 848 1426 ingeniosum
884 1347 1037 1408 conatum.
1088 1361 1184 1408 unum
1214 1359 1292 1406 vero
1320 1338 1490 1407 adsecutus

277 1463 348 1510 esse
363 1444 440 1510 mihi
454 1444 574 1532 videor,
589 1444 674 1512 unde
689 1451 779 1512 recta
794 1444 973 1512 emendatio
990 1444 1149 1532 proficisci
1161 1444 1286 1531 debeat,
1300 1465 1347 1512 vs.
1364 1451 1490 1512 1311.2

275 1568 339 1616 non
368 1549 486 1618 Thesei
516 1570 588 1618 esse
615 1549 674 1617 sed
697 1549 794 1617 chori.
839 1571 914 1616 nam
934 1550 1078 1617 Theseus
1104 1547 1190 1617 unde
1210 1549 1301 1616 furor
1320 1548 1490 1616 Herculem

277 1653 465 1738 corripuerit
495 1654 610 1740 nescit,
644 1653 759 1722 chorus
787 1653 881 1722 Iridis
909 1660 941 1722 et
965 1654 1113 1721 insaniae
1136 1653 1338 1738 conloquium
1359 1652 1489 1721 audivit

277 1764 310 1824 et
330 1758 477 1825 absoluta
498 1764 547 1825 est
565 1758 700 1826 disticho
721 1759 778 1826 illo
800 1759 957 1826 sententia
985 1760 1089 1843 qualis
1111 1759 1243 1826 chorum
1262 1758 1363 1826 decet.
1409 1757 1491 1824 The·-

277 1881 351 1929 seus
373 1883 450 1930 vero
471 1883 534 1930 non
555 1869 682 1949 poterat
704 1863 809 1950 aptius
830 1863 982 1931 incohare
1002 1864 1178 1932 orationem
1198 1883 1294 1948 quam
1307 1864 1350 1930 ab
1365 1883 1405 1932 ea
1419 1879 1489 1930 sen·

275 1967 390 2053 tentia,
421 1988 517 2052 quum
544 1968 622 2035 certi
649 1988 763 2035 versus
790 1976 874 2034 1314
901 1988 971 2053 sqq.
998 1969 1214 2054 praecessisse
1244 1967 1374 2055 docent,
1403 1967 1492 2036 leves

275 2071 342 2138 iere
364 2070 468 2138 videri
489 2071 558 2139 eius
580 2071 822 2140 exhortationes
846 2072 902 2155 qui
922 2073 1015 2140 malis
1036 2073 1185 2140 immunis
1206 2073 1265 2159 sit,
1294 2057 1493 2160 νιαραινὲσαι

276 2173 335 2258 μὲν
355 2180 432 2264 ῥᾷον
453 2171 475 2265 ἢ
494 2177 657 2264 πράσσειν
678 2183 792 2253 κακῶς.
837 2183 964 2262 poterat
988 2177 1035 2244 ita
1058 2177 1198 2245 scribere
1219 2175 1403 2264 Euripides,
1428 2197 1493 2244 non

280 2280 447 2365 scripsisse
465 2280 653 2348 manifestus
675 2287 734 2366 est,
756 2299 860 2364 neque
881 2280 1055 2365 quidquam
1076 2281 1193 2349 docere
1214 2282 1302 2348 volui
1322 2282 1492 2368 interpola

277 2384 363 2451 tione
397 2385 459 2452 nisi
489 2405 618 2454 versum
648 2391 831 2472 corruptum
863 2405 948 2472 esse,
982 2386 1172 2454 sententium
1197 2385 1328 2454 minime
1353 2385 1492 2454 dubium.

278 2487 383 2556 finitur
405 2490 524 2558 Thesei
557 2490 659 2557 oratio
687 2487 836 2577 disticho,
870 2489 957 2574 quod
982 2511 1040 2558 suo
1064 2489 1133 2558 iure
1159 2490 1325 2558 Nauckius
1351 2491 1493 2577 spurium

278 2593 370 2680 dixit;
396 2601 502 2662 tamen
523 2595 594 2662 lieri
614 2615 679 2662 non
698 2601 817 2682 potest,
839 2599 875 2662 ut
894 2591 1065 2682 Euripides
1086 2596 1157 2682 ipse
1178 2592 1322 2680 κόμματι
1343 2591 1430 2680 quod
1444 2597 1494 2664 est

277 2705 328 2764 νῦν
349 2697 408 2788 γὰρ
430 2691 460 2764 εἶ
478 2704 589 2785 χρεῖος
611 2695 714 2787 φίλων
736 2695 855 2768 Thesei
877 2701 1052 2768 orationem
1074 2700 1190 2768 finierit
1210 2701 1263 2768 vel
1275 2700 1382 2787 potius
1398 2701 1491 2769 abru-

205 2865 208 2868 .
277 2803 369 2888 perit.
413 2803 604 2873 intercidere
626 2804 748 2889 aliquot
768 2821 881 2874 versus
902 2825 967 2873 una
988 2825 1060 2873 cum
1082 2805 1170 2874 chori
1189 2804 1366 2914 disticho!

364 2959 401 3024 ln
423 2949 572 3026 Herculis
593 2959 762 3045 praeclara
782 2961 926 3028 oratione
947 2981 1019 3029 cum
1041 2961 1107 3028 alia
1127 2961 1313 3047 perturbata
1335 2965 1408 3028 sunt
1425 2966 1493 3026 tum

279 3061 360 3129 levis
380 3065 561 3151 corruptela
574 3070 676 3131 totum
690 3065 918 3132 sententiarum
931 3087 1048 3134 nexum
1062 3067 1216 3152 pervertit
1227 3064 1303 3132 inde
1317 3085 1338 3131 u
1351 3086 1382 3131 v.
1398 3071 1492 3131 1351.

279 3173 447 3250 postquam
470 3169 553 3234 enim
575 3169 776 3236 verissimum
801 3169 881 3237 illud
908 3177 940 3238 et
966 3171 1112 3239 scaenico
1133 3169 1323 3257 philosopho
1346 3168 1493 3254 dignissi·
1560 3235 1564 3242 .

279 3291 365 3336 mum
387 3272 531 3359 protulit,
558 3293 630 3340 eum
661 3275 717 3358 qui
743 3275 880 3342 miseriis
910 3275 1040 3343 obrutus
1072 3275 1183 3343 vivere
1203 3275 1326 3342 nesciat
1355 3274 1493 3342 instante

278 3377 388 3444 mortis
422 3377 563 3464 periculo
598 3379 679 3448 mori
705 3379 829 3448 nescire
852 3378 1056 3468 (sententiam
1079 3380 1250 3466 perpolivit
1277 3377 1493 3446 Kirchhoffius

278 3481 421 3548 restituto
460 3503 489 3550 v.
521 3489 603 3550 1351
640 3480 886 3572 ἐγκαρτερήσας,
929 3505 1009 3570 prae
1041 3503 1105 3568 quo
1147 3484 1271 3568 reliqua
1310 3488 1492 3552 commenta

186 3647 188 3651 ,
278 3585 421 3676 sordent)
441 3588 548 3674 pergit
568 3589 602 3656 in
622 3588 707 3656 hunc
727 3587 858 3656 modum
878 3588 1034 3656 Hercules

791 3700 859 3793 εἶμι
880 3709 910 3774 δ’
935 3707 969 3788 ἐς
991 3703 1090 3777 πόλιν

494 3811 551 3902 τὴν
572 3805 642 3900 σήν,
660 3809 753 3900 χάριν
775 3837 812 3879 τι
833 3810 953 3900 μυρίαν
975 3808 1086 3902 άιάρων
1109 3808 1187 3894 ἔχω·

496 3914 578 4005 ἀτάρ
601 3913 710 3986 ντόνων
726 3916 766 4007 δὴ
787 3912 911 4005 μορίων
929 3912 1120 4007 ἐγευσάμην·

496 4011 540 4087 ὧν
561 4018 628 4088 οὔτ’
651 4020 799 4088 ἀπεῖπον
822 4012 915 4090 οὐδὲν
938 4018 1003 4090 οὔτ’
1025 4014 1086 4088 ἀπ’
1108 4015 1262 4106 ὀμμάτων

367 4133 451 4197 1355
497 4122 617 4208 ἔσταξα
637 4123 759 4213 ντηχάς,
782 4118 851 4194 ouid'
874 4123 915 4192 άν
936 4119 1043 4216 ᾠόμην
1067 4125 1152 4194 νιοτὲ

496 4229 530 4310 ἐς
551 4232 646 4298 τοῦθ’
668 4225 803 4298 ἱκέσθαι
824 4225 934 4318 δάκρυ’
955 4227 1015 4298 ἀντ’
1035 4227 1190 4318 ὀμμάτων
1212 4230 1333 4316 βαλεῖν.

497 4341 552 4402 νῦν
573 4336 614 4420 d',
639 4329 684 4415 ὥς
706 4330 807 4414 ἔοικε,
829 4340 869 4426 τῇ
886 4330 962 4426 τάχη
986 4335 1179 4404 devincier.

278 4455 324 4523 ita
355 4455 485 4525 heroem
519 4457 609 4542 queri
630 4456 735 4545 decet,
768 4457 815 4526 ita
850 4465 1036 4542 querentem
1064 4457 1193 4526 fecitis
1220 4456 1495 4545 quiLessingiunr

280 4561 399 4649 docuit,
421 4561 579 4647 quomodo
601 4564 712 4651 regina
724 4564 960 4634 lamentaretur
993 4561 1156 4633 delicatuli
1170 4564 1275 4652 longis
1288 4563 1491 4634 declamatio·
