3666 5296
1317 257 1327 300 l

812 385 847 440 11.
867 385 893 440 e.
922 459 924 463 Ι
1409 380 1460 436 nu

330 555 397 624 Sed
424 561 568 641 praestat
590 555 696 624 missis
716 557 786 624 istis
812 557 993 642 elegantiis,
1016 556 1131 640 quibus
1152 555 1296 640 inparem
1316 575 1368 622 me
1391 575 1460 624 sen-

242 659 300 743 tio,
334 679 439 745 pauca
461 679 555 742 quae
587 661 683 726 etiam
715 661 783 728 sine
815 660 934 727 diser
963 660 1143 744 argumenti
1172 660 1353 726 testimonio
1386 660 1461 726 sciri
1546 726 1549 730 .

241 769 404 848 poterant,
434 762 586 830 indicare.
639 763 799 830 Theseum
829 765 913 830 enim
935 785 998 830 non
1019 764 1053 830 vi
1075 763 1134 830 sed
1157 763 1297 830 amicitia
1317 769 1462 831 eoactum

242 867 330 952 apud
350 866 526 933 Pirithoum
551 867 743 934 remansisse
765 867 820 934 illo
846 867 918 952 ipso
946 869 1033 952 loco,
1068 887 1130 950 quo
1156 867 1232 952 fgm.
1256 873 1319 934 598
1347 867 1460 952 adfert,
1510 891 1513 898 ’

243 970 446 1055 apertissime
480 969 557 1038 dicit
586 970 775 1038 Plutarchus
811 968 866 1056 (de
893 971 984 1038 amic.
1018 971 1107 1036 mult.
1131 977 1171 1036 96
1196 969 1235 1058 Ο)
1274 966 1330 1034 καὶ
1365 973 1461 1035 τοῦτο

240 1071 292 1161 (ud
322 1066 594 1139 συναπόλλυσθαι
622 1076 693 1152 τοῖς
722 1069 833 1162 φίλοις
860 1073 1080 1162 δυστυχοῦσιν)
1107 1067 1252 1156 μάλιστα
1281 1067 1462 1154 πάσχουσιν

242 1171 273 1243 οἳ
305 1172 485 1265 φιλόσοφοι
508 1175 563 1243 καὶ
587 1165 761 1264 χαρίεντες,
795 1173 841 1256 ὡς
866 1173 991 1266 Θησεὺς
1012 1181 1059 1264 τῷ
1081 1173 1236 1264 Πειρίθῳ
1256 1175 1461 1264 κολαζομένῳ

241 1279 297 1347 καὶ
320 1277 481 1367 διδομένῳ

482 1379 593 1462 αἰδοῦς
615 1376 860 1465 ἀχαλκεύτοισιν
884 1379 1032 1466 ἔζευκται
1054 1383 1182 1464 πέδαις.

244 1505 359 1572 eodem
381 1525 422 1572 ex
444 1507 514 1572 loco
537 1505 617 1572 disci
637 1511 757 1590 potest,
783 1505 1003 1591 philosophica
1028 1505 1116 1572 haud
1141 1505 1353 1589 infrequentia
1379 1525 1462 1589 quae

242 1611 295 1676 vel
323 1608 511 1693 fragmentis
537 1608 645 1675 insunt
671 1609 790 1676 Thesei
812 1621 974 1694 personae·
992 1609 1111 1675 tributa
1130 1609 1247 1693 fuisse,
1270 1627 1462 1692 quamquam

241 1719 435 1797 anapaestos
459 1717 532 1797 596,
557 1719 620 1778 597
641 1711 737 1779 choro
761 1713 986 1796 relinquendos
1009 1733 1082 1779 esse
1103 1719 1196 1799 puto,
1219 1718 1255 1778 ut
1268 1713 1323 1796 qui
1336 1731 1400 1778 non
1419 1731 1459 1778 ex
1553 1777 1557 1786 ,

240 1815 425 1883 heroidibns
458 1816 516 1882 sed
546 1837 587 1882 ex
612 1816 727 1902 mystis
755 1817 939 1883 constiterit.
983 1817 1044 1883 hoc
1067 1817 1151 1883 onim
1169 1835 1247 1884 usus
1269 1809 1463 1906 utppoxdov
1555 1851 1557 1856 .

241 1921 358 2005 arguit,
382 1939 462 2003 quas
483 1920 517 1985 in
540 1918 710 1987 Eleusiniis
734 1920 810 1986 solis
833 1941 894 1988 usu
917 1921 1045 1988 venisse
1068 1920 1182 1988 eodem
1202 1921 1286 2004 loco,
1309 1939 1372 2003 quo
1396 1925 1458 1984 593

241 2023 359 2108 adfert,
393 2023 514 2090 adserit
542 2023 735 2092 Athenaeus.
789 2029 821 2090 et
852 2025 907 2090 vin
937 2025 1092 2110 aptiorem
1118 2025 1249 2090 chorum
1279 2024 1461 2107 excogitare

240 2132 368 2212 poterat
397 2126 485 2212 apud
510 2126 629 2193 inferos
655 2127 779 2194 Attinas
808 2133 905 2212 poeta
934 2147 1029 2211 quam
1057 2133 1194 2214 mystas,
1223 2127 1337 2209 quibus
1365 2126 1461 2192 etiam
1489 2213 1491 2217 v

240 2231 432 2316 Euripideus
453 2231 609 2296 Hercules
631 2229 724 2317 (613)
742 2231 788 2296 ibi
809 2231 922 2297 obvius
942 2237 1083 2298 venerat.
1121 2231 1258 2314 denique
1278 2230 1397 2314 nescio,
1420 2251 1462 2296 an

241 2335 403 2418 aliquanto
438 2335 547 2419 plures
584 2353 697 2400 versus
735 2354 775 2400 ex
792 2367 794 2370 ·
811 2334 954 2400 Pirithoo
992 2334 1112 2401 servati
1148 2335 1220 2400 sint.
1269 2333 1319 2398 Ex
1349 2334 1463 2400 Hilleri

241 2437 456 2524 disputatione
478 2437 601 2523 (Herm.
621 2437 705 2502 VHI.
729 2435 807 2525 455)
840 2437 1019 2522 conligitur,
1051 2457 1107 2504 eos
1138 2444 1283 2504 veterum
1305 2457 1461 2521 gramma-

240 2541 383 2626 tinorum,
406 2541 461 2624 qui
476 2540 550 2606 Orci
572 2540 708 2625 ianitori,
731 2561 826 2624 quem
844 2541 878 2606 in
893 2541 991 2607 Ranis
1006 2541 1133 2607 nomine
1148 2561 1211 2607 non
1225 2541 1327 2607 indito
1341 2540 1463 2607 inducit

240 2644 488 2730 Aristophanes,
511 2645 611 2712 Aeaci
633 2665 748 2712 nomen
771 2645 962 2731 tribuerunt,
989 2645 1166 2712 Pirithoum
1185 2646 1226 2711 ab
1247 2645 1462 2731 Aristophane

241 2748 416 2816 credidisse
440 2769 635 2834 expressam.
678 2749 764 2814 idern
788 2769 849 2835 ego
872 2750 950 2815 mihi
971 2749 1127 2835 persuasi.
1164 2749 1331 2832 utrobique
1353 2749 1461 2835 mysti-

241 2871 297 2918 cus
326 2852 441 2919 chorus
470 2859 532 2938 est,
560 2852 727 2936 utrobique
750 2852 825 2919 Orci
846 2853 991 2920 minister
1013 2853 1135 2918 aditum
1156 2852 1329 2938 prohibens
1352 2851 1461 2938 (quem
1493 2891 1497 2898 -

239 2955 471 3042 Aristophanes
493 2977 557 3022 non
580 2976 621 3022 ex
642 2957 790 3042 populari
811 2957 921 3024 fabula
943 2957 1001 3024 sed
1024 2977 1044 3022 a
1065 2963 1162 3041 poeta
1183 2957 1334 3041 quopiam
1354 2957 1461 3023 ficum

242 3060 378 3148 accepit)
400 3061 452 3126 hic
474 3080 546 3127 cum
572 3081 649 3128 vero
672 3061 811 3128 Hercule
835 3062 944 3128 rixam
966 3062 1165 3146 luctansque,
1192 3062 1257 3127 illic
1279 3061 1461 3127 simulatum

241 3164 413 3248 obiurgans
447 3171 479 3231 et
507 3166 591 3232 male
622 3169 776 3251 tractans,
809 3164 907 3249 idque
942 3166 1049 3232 verbis
1082 3171 1194 3250 aperte
1223 3185 1264 3232 ex
1294 3163 1462 3250 tragoedia

241 3267 383 3334 detortis.
420 3269 604 3354 conspirant
626 3269 768 3354 profecto
791 3289 942 3354 scaenae,
972 3289 1076 3353 neque
1099 3269 1259 3335 dubitaret
1281 3269 1461 3352 quisquam,

128 3379 132 3394 ⁴
239 3372 314 3454 quin
337 3391 372 3438 re
391 3392 470 3438 vera
491 3373 723 3457 Aristophanes
738 3373 915 3439 Pirithoum
930 3373 1140 3458 exprimeret,
1163 3373 1225 3440 nisi
1241 3372 1360 3439 diserte
1376 3372 1461 3439 oblo-

239 3479 389 3557 queretur
415 3476 683 3560 locupletissimus
711 3482 835 3561 auctor,
865 3475 1037 3542 scholiasta
1063 3475 1304 3561 Aristophanis,
1335 3477 1462 3561 conplu-

238 3577 323 3644 riens
360 3583 496 3645 testatus
532 3579 664 3645 inrideri
694 3599 735 3646 ex
764 3579 891 3646 Theseo
925 3577 1100 3665 Euripidae
1135 3579 1250 3646 Minois
1279 3579 1461 3663 Theseique

237 3681 485 3748 altercationem.
529 3683 627 3771 nolim
653 3688 719 3748 tam
748 3683 868 3749 clarum
902 3689 968 3748 tam
989 3703 1089 3768 grave
1111 3683 1326 3750 testimonium
1347 3682 1463 3768 puerili

237 3769 369 3851 levitate
410 3785 609 3870 vilipendere
647 3785 775 3852 videar:
820 3806 885 3854 non
922 3805 975 3851 me
1012 3785 1095 3870 fugit
1134 3785 1325 3853 sententiam
1368 3805 1464 3868 quam

239 3888 406 3972 amplexus
433 3889 494 3955 sim
524 3889 627 3955 evind
650 3910 714 3955 non
736 3909 846 3974 posse,
868 3889 1059 3975 praesertim
1082 3910 1154 3956 cum
1168 3888 1315 3958 Theseus
1334 3895 1462 3974 tragoe-

238 3989 293 4055 dia
319 3991 547 4058 obscurissima
580 3993 622 4060 sit
635 3990 678 4080 ¹¹)
712 4011 817 4075 neque
839 3993 867 4059 is
889 4007 974 4078 sum,
997 3994 1053 4076 qui
1074 3993 1276 4061 veteratoriis
1296 3993 1464 4060 lenociniis

325 4245 370 4311 11)
388 4243 532 4301 continuit
556 4247 671 4300 mortam
695 4243 855 4312 Minotauri,
878 4244 1058 4301 inducebatur
1075 4246 1242 4318 Hippolytus
1266 4263 1345 4317 puer,
1368 4249 1463 4316 pastor

237 4329 348 4399 legendi
366 4330 487 4400 ignarus.
524 4333 613 4386 cetera
630 4332 804 4400 ignorantum
830 4335 859 4386 at
875 4331 1092 4388 sufficiunthaeo
1105 4335 1175 4388 utet
1187 4334 1327 4402 singulare
1343 4336 1371 4390 et
1384 4333 1465 4388 hodie

237 4415 366 4470 amissum
386 4433 446 4472 esse
466 4417 645 4488 intellegatur
664 4419 863 4486 argumentum.
889 4418 988 4472 mirum
1008 4419 1038 4473 in
1049 4419 1158 4474 modom
1171 4418 1385 4490 hagmentornm
1400 4435 1463 4474 con-

235 4501 349 4558 lecturos
368 4501 471 4560 Theseo
490 4503 623 4560 taverunt
659 4519 723 4558 narn
741 4519 810 4575 quae
829 4503 882 4560 huo
899 4504 1066 4560 rettulerunt
1078 4505 1139 4571 383,
1152 4506 1205 4564 384
1217 4504 1390 4564 Cretensium
1404 4522 1465 4564 esse
1535 4517 1540 4530 ¹
