3666 5296
399 411 452 465 244
954 411 1005 466 III.
1023 413 1048 466 E

398 583 588 651 monendine
622 589 713 649 erant
742 583 952 650 Athenienses
979 581 1201 670 Διοσκούρους
1233 605 1305 650 esse
1334 583 1418 663 Διὸς
1447 579 1607 671 roricone?

399 688 514 753 rectius
547 706 716 771 quaereres
750 708 811 770 quo
838 695 981 774 tempore
1012 690 1201 755 coniunctim
1234 689 1393 754 scribendi
1424 695 1501 756 usus
1533 692 1553 756 i.
1580 713 1607 757 e.

398 793 532 878 simplex
560 798 708 857 accentus
734 792 928 858 invaluisset.
973 792 1053 858 dixit
1074 793 1244 879 Euripides
1271 793 1443 860 Dioscuros
1474 802 1608 881 epatre

397 898 457 963 hoc
479 918 593 963 nomen
616 899 777 983 accepisse
801 898 1030 964 constructione
1052 918 1143 994 usus,
1166 918 1230 981 qua
1251 899 1379 964 Hercul.
1396 907 1435 964 31
1461 907 1509 966 est
1530 891 1606 965 καί·

396 1000 453 1067 τὸν
475 995 578 1086 ὄνομα
601 1005 682 1079 παῖς
704 999 829 1088 πατρὸς
850 1001 1051 1089 κεκλημένος,
1083 1003 1363 1087 reponendumque

614 1104 659 1171 aad
681 1109 737 1171 τοῦ
760 1103 885 1193 πατρὸς
904 1103 940 1171 δὲ
961 1104 1120 1190 λεγομένω
1141 1104 1223 1184 Διὸς
1245 1105 1340 1190 κόρω.

396 1211 477 1276 tales
516 1231 593 1277 vero
631 1211 820 1276 mutationes
857 1231 917 1276 nec
949 1210 1182 1277 Heimsttthiani
1218 1213 1392 1277 indirectas
1422 1213 1608 1278 traditionis

395 1315 477 1380 fabri
509 1336 569 1381 nec
593 1315 791 1399 grammatici
818 1335 876 1380 nec
904 1321 1099 1382 correctores
1128 1315 1265 1382 evanida
1288 1317 1473 1401 supplentes
1495 1336 1607 1400 procu-

396 1419 474 1484 dunt
496 1418 553 1485 sed
575 1419 674 1485 nescii
696 1413 829 1502 librarii;
859 1439 951 1485 nemo
974 1427 1116 1485 nostmm
1138 1441 1201 1486 non
1222 1421 1268 1484 ita
1290 1426 1410 1505 peccat.
1456 1427 1489 1486 at
1510 1421 1605 1486 Hele-

395 1545 469 1588 nam
503 1544 579 1589 sane
613 1523 777 1590 verissime
811 1523 890 1588 dixit
918 1523 1057 1590 Cebetas
1092 1545 1112 1588 a
1144 1523 1281 1590 librariis
1310 1524 1512 1606 nequissimis
1542 1531 1608 1589 tam
1706 1565 1710 1572 -

394 1629 478 1694 male
504 1628 644 1694 habitam
671 1648 743 1694 esse
769 1635 805 1693 ut
830 1629 986 1712 permulta
1013 1629 1138 1693 omnino
1167 1629 1282 1712 corrigi
1304 1635 1476 1713 nequeant,
1504 1648 1607 1694 emen-

395 1732 482 1798 datio
504 1753 525 1797 a
546 1733 675 1798 lenitate
697 1733 752 1796 vix
775 1733 988 1798 commendari
1010 1733 1119 1817 possit.
1165 1733 1253 1799 velut
1274 1732 1415 1798 absurda
1437 1753 1519 1815 quae
1541 1739 1604 1798 676

395 1838 515 1922 scripta
536 1843 608 1902 sunt
629 1838 662 1902 in
684 1836 793 1902 codice

655 1936 739 2024 ὤμοι
761 1937 845 2023 ἐμῶν
867 1940 980 2006 δεινῶν
1003 1939 1144 2027 λούτριον
1166 1937 1223 2006 καὶ
1245 1943 1367 2028 κρηνῶν

654 2045 707 2110 ἵνα
728 2041 808 2110 θεαὶ
829 2043 960 2132 μορφὰς
982 2040 1174 2132 ἐφαίδρυναν
1197 2040 1247 2111 ἔν-

501 2229 502 2236 ,
654 2154 716 2214 θεν
738 2145 833 2232 ἔμολε
854 2145 960 2234 κρίσις

393 2252 463 2341 (cur
495 2253 635 2320 absurda
668 2256 729 2320 sint
759 2275 822 2320 non
856 2275 937 2339 opus
971 2259 1020 2320 est
1048 2254 1211 2341 persequi)
1237 2260 1367 2338 putares
1394 2273 1499 2338 paene¹
1520 2254 1608 2320 nulla

394 2360 567 2425 mutatione
598 2359 764 2426 restituere
789 2353 873 2441 ὤμοι
894 2381 951 2440 μοι
974 2358 1081 2437 δικῶν,
1104 2358 1163 2424 scd
1185 2359 1284 2428 multo
1298 2363 1442 2443 praestat
1456 2357 1607 2424 audacior

393 2464 454 2530 nisi
472 2464 628 2529 Helenam
652 2469 861 2529 tractaremus
882 2459 968 2544 ὤμοι
982 2452 1105 2528 Ἰδαίων
1119 2481 1223 2545 neque
1238 2461 1347 2528 dubito
1363 2462 1439 2545 quin
1453 2462 1488 2527 id
1501 2463 1605 2547 ipsum

392 2568 597 2652 Euripideum
632 2568 680 2634 sit.
726 2566 809 2650 quod
838 2566 1007 2651 Euripides
1040 2573 1072 2633 et
1104 2566 1164 2633 hoc
1196 2567 1265 2632 loco
1293 2573 1325 2632 et
1350 2566 1500 2634 Androm.
1532 2573 1605 2651 274,

392 2668 511 2756 Κρίσει
534 2671 708 2757 Sophocles
737 2671 816 2737 deas
839 2678 913 2736 ante
940 2669 1066 2736 Paridis
1089 2670 1240 2736 indicium
1269 2671 1411 2738 lavatum
1433 2672 1498 2738 isse
1520 2669 1606 2754 dicit,

391 2775 539 2859 idemque
570 2778 604 2841 in
632 2776 770 2842 vasculis
801 2775 1045 2859 elegantissimis
1075 2775 1194 2860 pictum
1224 2781 1287 2859 est,
1315 2774 1428 2842 ecdem
1463 2773 1558 2842 modo
1588 2795 1607 2840 e

393 2881 520 2967 Cypriis
552 2880 759 2966 repetendum
792 2887 840 2946 est
871 2886 965 2962 atque
995 2879 1122 2945 Paridis
1152 2879 1291 2944 barbara
1323 2881 1435 2965 vestis,
1470 2879 1510 2946 dc
1544 2899 1608 2961 qua

391 2986 495 3070 capite
519 2992 608 3051 sexto
629 2984 746 3050 idonea
766 2983 931 3070 adscripsi.
977 2983 1122 3068 adprime
1143 2983 1290 3050 convenit
1318 2983 1404 3067 quod
1424 2984 1551 3068 vulgari
1573 2989 1605 3048 et

391 3090 530 3175 cyclicae
550 3090 686 3155 fabellae
709 3088 896 3155 adversatur
919 3087 1133 3154 Callimachus
1156 3089 1217 3153 lav.
1240 3088 1320 3154 Pall.
1344 3095 1394 3154 20.

477 3192 543 3259 Sed
565 3193 726 3258 mittamus
747 3193 918 3277 Helenam,
940 3193 974 3257 in
998 3193 1086 3258 cuius
1108 3192 1252 3259 ulceroso
1275 3213 1407 3277 corpore
1429 3191 1605 3258 desultoria

391 3317 490 3382 opera
511 3317 623 3382 parum
644 3297 778 3382 proficit.
825 3297 942 3363 fabulis
966 3297 1006 3362 ab
1022 3296 1227 3362 histrionibus
1242 3297 1441 3382 interpolatis
1456 3295 1606 3362 addenda

391 3409 440 3468 est
453 3401 654 3487 Iphigenia
676 3403 838 3468 Taurica
860 3402 911 3466 cui
932 3422 995 3466 non
1017 3401 1062 3466 ita
1089 3401 1221 3466 multum
1236 3401 1354 3486 profuit
1369 3399 1454 3484 quod
1469 3421 1510 3466 ex
1526 3399 1605 3466 Ger·

389 3508 491 3573 manis
518 3507 666 3592 permulti
695 3527 766 3572 earn
792 3505 991 3591 potissimum
1020 3511 1203 3572 tractarunt.
1255 3506 1388 3571 meliora
1414 3505 1603 3590 praestitere

390 3612 543 3698 Britanni,
565 3611 806 3694 laudandusque
828 3617 878 3677 est
899 3611 986 3696 apud
1009 3616 1166 3678 nostrates
1189 3631 1303 3696 parum
1324 3616 1417 3676 notus
1439 3609 1598 3694 Monkius,

390 3737 483 3799 quem
503 3737 544 3782 ne
566 3717 626 3783 hoc
648 3717 777 3800 quidem
797 3717 891 3800 fugit,
914 3722 1078 3800 grassatos
1102 3735 1173 3782 esse
1194 3715 1227 3782 in
1241 3715 1408 3800 Iphigenia
1427 3714 1618 3799 interpola.

344 3835 346 3841 '
389 3827 483 3887 tores.
529 3841 567 3887 aa
588 3822 728 3906 profecta
757 3821 891 3888 eandem
917 3821 1071 3886 fabricam
1094 3820 1220 3905 sapiunt
1243 3828 1294 3886 40.
1320 3829 1357 3904 1;
1389 3825 1439 3886 59.
1465 3826 1519 3903 60;
1547 3826 1604 3903 7ος

392 3934 462 3992 116.
485 3934 521 4011 75
549 3932 621 3991 258.
644 3935 678 4010 93
702 3933 878 4010 588—903
911 3931 972 3990 682
1010 3927 1082 3992 alia.
1142 3945 1238 3991 unum
1273 3923 1390 3990 addam
1422 3924 1603 4010 exemplum

390 4030 475 4113 quod
501 4030 543 4096 ad
573 4030 775 4097 iudicandam
802 4030 963 4116 Euripidis
993 4037 1095 4096 artem
1121 4030 1206 4096 iacit.
1253 4028 1384 4096 Orestes
1407 4029 1467 4095 ‘ubi
1489 4027 1604 4114 Pyladi

388 4127 538 4202 valedicit
559 4136 739 4221 Apollinem
768 4136 910 4219 queritur
933 4135 994 4201 sihi
1016 4135 1180 4202 mentitum
1203 4155 1283 4201 esse.
1326 4132 1411 4218 quod
1432 4153 1473 4200 ne
1496 4133 1604 4219 palam
1658 4119 1661 4124 ¹

388 4239 479 4306 fieret
501 4260 573 4306 eum
595 4260 690 4323 quam
713 4240 897 4325 longissime
921 4259 956 4306 se
979 4261 999 4306 a
1022 4238 1159 4306 Graecia
1180 4239 1354 4326 proiecisse

388 4412 488 4482 legisse
517 4414 663 4467 constaret.
701 4411 749 4468 sed
775 4411 857 4467 mircr
878 4411 998 4481 profecto
1018 4412 1100 4466 ctiam
1119 4410 1221 4480 sobrios
1239 4409 1361 4465 homines
1381 4411 1492 4465 acanus
1511 4407 1604 4465 iudicii

389 4499 488 4554 oblitos
514 4515 573 4554 csse
586 4502 632 4566 ,ut
649 4497 732 4553 Ennii
750 4499 871 4554 versibus
889 4499 934 4554 vel
951 4499 1079 4553 maiorem
1097 4497 1178 4552 fidem
1196 4497 1359 4564 tribuerent,
1383 4512 1464 4566 quam
1484 4513 1552 4566 quac
1570 4497 1604 4551 ab

388 4585 427 4640 eis
443 4589 566 4641 servatur
584 4586 630 4656 qui
649 4585 727 4641 hodie
745 4585 901 4654 tragoedias
918 4584 1035 4641 Graecas
1053 4585 1167 4641 harbure
1185 4586 1304 4641 vertunt.
