3666 5296
952 375 1003 460 1112
1020 406 1047 461 ¹c.

634 562 702 642 odo'
727 573 914 665 ὑψιπύργου
935 578 1110 665 πατρίδος·
1137 571 1192 657 οὓς
1214 577 1242 644 δ’
1260 575 1367 665 ’Ἀρης
1388 572 1466 659 έλοι,

635 673 670 746 οὗ
692 682 817 759 παῖδας
838 673 938 756 εἶδον,
962 674 998 748 οὗ
1020 679 1183 770 δάμαρτος
1205 679 1239 748 ἓν
1260 686 1366 770 χεροῖν

521 873 524 878 ¹
632 784 776 864 πέπλοις
799 786 1105 874 σονεστάλησαν,’έν
1128 785 1200 875 ξένη
1223 787 1260 854 δέ
1282 790 1320 877 γῇ

633 893 768 955 κεῖνται·
796 889 837 954 τὰ
859 891 887 956 d'
908 887 992 957 o't'aor
1014 893 1118 958 τοῖσδ’
1139 889 1223 975 ὅμοι’
1247 889 1397 978 ἐγίγνετο,

632 991 727 1082 χῆραί
748 996 776 1060 τ’
801 991 974 1083 ἔθνησκον,
1000 993 1035 1062 οἳ
1054 997 1083 1062 δ’
1106 994 1263 1078 ἄπαιδες,
1288 992 1322 1062 ἐν
1341 993 1456 1078 δόμοις

633 1093 739 1177 άλλως
760 1098 841 1165 τέκν’
863 1097 1106 1188 ἐκθρέψαντες,
1129 1091 1202 1166 οὐδὲ
1224 1099 1309 1188 πρὸς
1329 1097 1453 1187 τάφους

505 1285 510 1298 Ι
634 1199 709 1270 ἔσθ’
734 1201 825 1282 ὅστις
847 1200 959 1282 αὐτοῖς
983 1195 1064 1289 αἷμα
1087 1209 1126 1294 γῇ
1145 1200 1344 1298 δωρήσεται·

632 1298 652 1395 ἦ
674 1309 761 1373 τοῦδ’
784 1305 922 1374 έπαίνου
944 1306 982 1376 τὸ
1005 1308 1173 1397 στράτευμ’
1196 1304 1343 1388 ἐπάξιον.

393 1448 475 1514 tales
496 1447 530 1512 in
551 1443 707 1514 Vaticano
729 1467 842 1516 versus
865 1452 898 1513 et
920 1449 1119 1532 elegantibus
1142 1449 1282 1516 numeris
1305 1455 1337 1515 et
1360 1448 1497 1515 dictione
1513 1468 1607 1530 quae-

394 1555 456 1620 sita
478 1553 664 1619 scribuntur.
708 1552 742 1617 in
763 1553 909 1618 Palatino
931 1559 1062 1640 praeter
1083 1555 1193 1621 solitas
1217 1556 1414 1640 corruptelas
1437 1554 1607 1620 nonnullae

392 1658 652 1744 interpolationes
675 1657 972 1744 deprehenduntur,
1002 1679 1082 1742 quas
1105 1659 1250 1726 omittere
1272 1660 1356 1726 licet.
1401 1680 1464 1726 uno
1486 1665 1608 1725 tantum

392 1765 425 1829 in
456 1784 552 1830 versu
575 1772 636 1830 381
672 1763 839 1829 recentiori
868 1763 996 1846 ingenio
1018 1764 1129 1830 vitium
1158 1772 1227 1831 erat
1256 1764 1447 1850 tollendum,
1481 1765 1515 1829 in
1545 1784 1607 1846 quo

393 1868 589 1955 Tyrwhittus
617 1862 728 1944 ἄλλοις
755 1867 789 1934 in
817 1863 921 1945 άλλως
949 1870 1091 1934 mutavit.
1147 1890 1229 1952 quae
1256 1875 1426 1955 praeterea
1454 1875 1609 1954 temptata

394 1979 478 2058 sunt,
508 1973 693 2058 scriptorem
722 1993 786 2038 non
807 1971 970 2038 librarium
992 1974 1109 2040 erroris
1132 1975 1328 2041 convincunt.
1373 1975 1480 2040 insunt
1502 1981 1608 2040 autern

393 2078 551 2144 immania.
598 2084 663 2170 371}
693 2073 769 2162 γυνὴ
801 2070 918 2141 ἑκοῦσα
947 2077 1061 2144 mulier
1088 2085 1153 2164 est,
1188 2099 1271 2162 quae
1297 2079 1408 2146 volens
1434 2084 1528 2164 rapta
1549 2085 1606 2146 est.

395 2187 457 2247 375
482 2177 638 2267 ἔθνησκον
657 2181 827 2273 opponitur
841 2182 949 2248 versui
971 2189 1035 2248 374
1051 2173 1108 2259 οὓς
1122 2178 1220 2270 Ἄρης
1235 2181 1312 2248 ἕλοι.
1350 2168 1487 2250 debebat
1501 2185 1607 2269 priore

392 2285 462 2352 loco
496 2285 559 2352 dici
591 2286 840 2370 „papaabaat“.
898 2293 962 2350 380
991 2307 1036 2370 sq.
1071 2287 1197 2353 omnino
1224 2287 1305 2354 fatui
1330 2294 1415 2373 sunt,
1449 2309 1524 2354 nam
1552 2308 1607 2353 our

393 2411 509 2458 uxores
540 2390 734 2456 Achivorum
771 2389 877 2474 potius
916 2410 1012 2474 quam
1044 2390 1255 2458 Troianorum
1288 2393 1516 2478 moriebantur,
1553 2413 1607 2458 eur

392 2495 505 2562 liberi?
539 2502 573 2562 at
594 2495 655 2562 hoo
674 2515 746 2560 cum
765 2493 872 2561 dicere
891 2495 1057 2580 voluisset,
1081 2497 1188 2562 statim
1203 2497 1319 2563 oblitus
1336 2504 1397 2583 est,
1421 2488 1606 2582 repetitque,

392 2601 543 2686 Argivos,
574 2599 720 2684 quamvis
746 2606 981 2684 procreassent,
1015 2600 1124 2666 liberis
1151 2602 1245 2668 orbos
1271 2601 1383 2686 fuisse,
1417 2609 1452 2668 ut
1474 2622 1607 2685 quorum

393 2705 540 2789 sepulcra
564 2703 686 2770 inferiis
713 2709 865 2769 carerent.
910 2710 1079 2788 praeterea
1105 2704 1192 2772 haud
1214 2727 1317 2791 pauca
1339 2713 1393 2772 aut
1415 2707 1607 2790 loquacitate

392 2816 447 2876 aut
467 2808 623 2875 brevitate
642 2814 752 2874 contra
772 2807 854 2873 istuc
875 2806 1001 2873 dicendi
1022 2829 1123 2892 genus
1136 2818 1283 2894 peccaut,
1308 2811 1393 2894 quod
1407 2810 1607 2877 Archimelus

392 2914 477 2981 tertii
498 2936 527 2980 a
551 2913 624 2980 (ihr.
648 2913 767 2980 saeculi
788 2919 885 2998 pocta
904 2913 1071 2998 praeclare
1093 2913 1263 3002 descripsit

524 3047 592 3138 λείη
614 3049 673 3134 μέν
695 3048 756 3138 γὰρ
778 3045 860 3114 ἰδεῖν
882 3047 937 3114 καὶ
960 3047 1156 3138 ἐπίρροθος·
1184 3048 1222 3140 ἢν
1246 3050 1283 3118 δέ
1304 3077 1355 3131 τις
1377 3043 1472 3141 αυτὴν

658 3149 819 3240 είσβαίνη,
839 3153 984 3234 χαλεποῦ
1005 3153 1174 3244 τρηχοτέρη
1198 3152 1369 3234 σκόλοπος.

391 3316 454 3360 non
481 3294 587 3360 omnia
613 3313 775 3378 enumero,
804 3292 862 3358 sed
888 3312 971 3375 quae
998 3295 1044 3359 eis
1067 3295 1237 3381 sufficiant,
1265 3315 1399 3380 quorum
1420 3305 1513 3364 aures
1536 3318 1606 3362 sua-

391 3399 483 3466 vitati
504 3397 667 3484 Euripidis
701 3397 913 3493 adsueverint.
959 3405 1022 3464 377
1058 3395 1094 3464 οὐ
1120 3400 1245 3478 παῖδας
1274 3393 1360 3466 εἶδον
1379 3402 1495 3481 ,σίτοιο
1529 3403 1605 3487 vult,

391 3504 529 3588 Argivos
550 3504 687 3569 instante
709 3509 810 3568 morte
831 3501 1003 3568 liberorum
1025 3503 1179 3590 adspectu
1202 3506 1352 3574 caruisse.
1390 3507 1541 3573 miserum
1558 3514 1606 3574 est

392 3597 527 3695 simplex
553 3604 637 3694 ὁρᾶν.
683 3603 716 3672 έν
743 3605 814 3692 ξένη
843 3604 879 3671 δὲ
902 3611 943 3694 γῇ
970 3611 1108 3690 aciacum
1142 3629 1240 3696 saepe
1263 3614 1387 3675 κεῖνται
1407 3611 1471 3676 dici
1492 3618 1605 3697 potest,

391 3713 447 3780 ubi
478 3714 596 3779 morat
628 3705 704 3777 caat
742 3711 1011 3802 simplicissimum
1045 3719 1101 3779 est.
1151 3713 1212 3780 hoo
1249 3715 1318 3780 loco
1352 3715 1425 3800 ipsa
1450 3715 1606 3782 moriendi

391 3817 476 3884 notio
498 3815 674 3902 premenda
695 3821 772 3881 erat.
817 3813 903 3902 πρὸς
924 3810 1110 3902 τάφους-
1133 3807 1244 3896 αὐτοῖς
1266 3809 1347 3900 αἷμα
1366 3823 1405 3907 νῇ
1427 3815 1606 3906 δωρήσεται

392 3921 595 3988 balbutientis
629 3926 686 3986 est.
737 3926 799 3985 383
826 3917 865 3985 τὸ
893 3918 1075 4005 στράτευμα
1100 3923 1240 4006 pessime
1261 3923 1388 4008 dicitur,
1422 3945 1496 3990 nam
1519 3925 1605 3990 natio

391 4025 585 4112 adpellanda
618 4031 702 4109 erat,
738 4019 757 4088 ὁ
787 4022 962 4112 στρατηγός
989 4031 1095 4091 καίτοι
1127 4027 1182 4110 qui
1208 4047 1306 4112 supra
1331 4029 1511 4095 nominatus
1537 4035 1606 4094 erat

390 4147 450 4196 nec
472 4131 589 4216 opponi
612 4129 764 4195 exercitui
786 4128 894 4213 debet,
921 4149 981 4196 nec
1002 4129 1057 4195 illo
1077 4131 1232 4198 vocabulo
1255 4124 1605 4218 conprehendi'potest.

392 4243 454 4303 368
478 4233 533 4300 διὰ
555 4230 632 4317 μίαν
652 4236 788 4318 γυναῖκα
809 4231 865 4298 καὶ
884 4229 964 4313 μίαν
986 4233 1116 4320 Κάπριν
1137 4232 1269 4322 μυρίους
1284 4231 1458 4302 ἀπώλεσαν
1471 4239 1606 4325 probum

391 4345 454 4418 est;
479 4339 535 4423 qui
549 4341 711 4426 θηρῶντες
722 4333 849 4426 Ἑλένην
862 4337 1046 4424 interponit,
1063 4359 1196 4406 acumen
1210 4341 1361 4426 infringit.
1399 4341 1485 4408 idern
1500 4341 1605 4408 dicen-

391 4443 467 4510 dum
488 4443 530 4510 de
552 4463 598 4509 vs.
622 4449 683 4507 371
708 4435 825 4530 ἡδονὰς
846 4440 904 4520 τὰς
926 4436 1061 4508 οἴκοθεν
1083 4441 1202 4510 τέκνων
1223 4446 1278 4511 ubi
1292 4443 1410 4512 τέκνων
1426 4467 1488 4513 non
1504 4449 1606 4513 solum
1630 4462 1635 4475 ·

391 4535 673 4634 supervacaneum
696 4553 757 4634 est,
791 4545 850 4613 sed
883 4547 992 4634 efficit,
1023 4554 1059 4616 ut
1089 4549 1144 4616 ubi
1175 4547 1324 4634 γυναικὸς
1357 4545 1469 4616 οὕνεκα
1502 4551 1605 4634 audis,
