3666 5296
829 423 865 476 ΙΙ,
882 423 907 476 6.

432 587 500 658 ἀλλ’
520 587 567 669 εἰς
589 587 663 658 ὅπλ’
683 585 791 674 ἐλθως
813 590 864 672 τίς
882 590 920 658 δὲ
941 590 1027 680 πρὸς
1046 590 1160 680 λόγχην
1182 591 1314 675 βλέπων

431 691 552 781 μάρτυς
573 692 687 780 γένοιτ’
708 693 747 761 ἂν
770 694 861 775 ὅστις
880 694 969 762 ἐστὶν
990 692 1136 780 cyclade,-

432 795 605 886 κράτιστον
627 796 696 888 εἰκῆ
717 803 805 866 ταῦτ’
828 799 884 866 ἐᾶν
903 796 1064 887 ἀφειμένα

256 902 401 970 videmus
428 907 539 988 quaeri
564 906 724 971 hominem
750 912 782 971 et
810 926 872 988 quc
901 906 991 989 signo
1021 905 1153 989 reperiri
1177 906 1278 989 possit
1305 905 1469 991 disputari.

256 1008 352 1073 talem
386 1010 468 1074 inter
494 1009 619 1093 Augam
654 1016 685 1074 et
715 1011 868 1104 nutricem
902 1011 1001 1074 fuisse
1039 1029 1186 1074 scaenam
1219 1029 1290 1074 cum
1324 1029 1364 1074 ex
1399 1012 1471 1078 aliis

256 1112 408 1201 signis11)
430 1114 612 1179 conclusum
645 1120 694 1179 est
729 1120 797 1178 tum
830 1134 870 1180 ex
895 1113 1074 1197 fragmento
1103 1120 1165 1177 279
1194 1113 1235 1178 ab
1257 1114 1382 1196 Engerc
1410 1116 1472 1180 nisi

255 1214 350 1281 fallor
371 1224 456 1284 recte
479 1217 640 1303 disposito.
1069 1290 1071 1294 .

364 1325 443 1386 AY.
487 1326 566 1400 παῖς
588 1328 661 1398 πῶς
682 1319 718 1387 δὲ
740 1320 847 1410 tejam
874 1317 926 1399 τίς
947 1320 984 1387 δὲ
1004 1327 1067 1408 νῷν
1090 1318 1209 1399 ντιστός
1228 1317 1340 1408 eclog,-

314 1427 443 1490 TPoc.
488 1425 639 1512 ζητῶμεν·
671 1424 690 1513 ἡ
711 1421 843 1512 δόκησις
863 1416 1058 1511 α’νθρώντοις
1079 1422 1187 1491 κακόν.

364 1533 443 1594 AY.
489 1527 545 1592 καὶ
564 1525 782 1614 τούπιχειρεῖν
805 1532 832 1612 y'
853 1527 1085 1615 ἐξαμαρτάνειν
1104 1526 1208 1616 φέρει.

256 1653 328 1698 ecce
364 1633 591 1699 sententiarum
626 1653 764 1699 conexus
798 1635 849 1699 cui
875 1654 987 1700 versus
1021 1635 1077 1716 qui
1108 1635 1141 1698 in
1169 1633 1297 1700 Electra
1324 1635 1471 1718 leguntur

255 1739 451 1802 conveniant.
475 1777 517 1783 —
545 1738 705 1822 Diogenes
726 1739 766 1804 ΙΙ.
790 1746 831 1804 33
860 1758 987 1806 versum
1011 1746 1074 1804 379
1098 1759 1138 1804 ex
1160 1737 1253 1821 Auge
1275 1737 1388 1804 adfert.

254 1959 346 1996 verum
366 1959 397 1996 ex
414 1941 516 1996 tradite
534 1941 648 1994 lectione
666 1941 728 1996 elici
739 1959 830 2010 posse:
852 1958 882 1996 co
896 1942 983 2012 magis
997 1943 1116 1996 claritati
1129 1941 1237 1996 studere
1250 1939 1367 1996 debebat
1380 1944 1469 2011 poeta,

255 2045 306 2096 quc
324 2029 432 2082 facilius
449 2028 585 2083 sententie
603 2045 650 2097 per
669 2045 697 2082 se
714 2030 816 2097 optima
834 2032 864 2082 at
880 2029 942 2083 huic
957 2031 1015 2083 loce
1034 2030 1144 2084 minime
1163 2029 1325 2083 conveniens
1344 2029 1469 2098 intellegi

255 2119 370 2182 peterat.

342 2202 387 2270 11)
405 2202 552 2256 verissime
578 2202 639 2256 huic
660 2218 771 2256 scaenae
794 2202 945 2271 adscriptus
972 2205 1017 2256 est
1038 2219 1130 2257 versus
1149 2219 1165 2255 e
1183 2201 1328 2256 Plutarcho
1347 2204 1469 2256 servatus

255 2288 345 2358 symp.
364 2305 409 2358 qu.
429 2289 475 2342 lx.
496 2290 520 2342 1.
550 2287 616 2358 lgm.
635 2289 678 2342 ed.
698 2290 749 2344 737

568 2378 619 2428 τὸν
635 2375 724 2428 παῖδά
742 2396 792 2446 μοι
811 2375 887 2430 τόνδ’
906 2373 988 2436 ἀξίως
1001 2377 1150 2448 Ἡρακλέος

569 2463 648 2533 ἡμῶν
664 2481 693 2515 τε
712 2465 832 2532 θρέψαι.
1092 2453 1097 2466 ’

255 2551 284 2602 et
299 2566 315 2602 a
333 2549 466 2617 rhapsodo
486 2566 548 2603 eum
565 2549 709 2603 recitatum
728 2565 785 2603 esse
804 2565 851 2617 per
867 2564 982 2603 errorem
1004 2547 1072 2602 dixit
1088 2548 1234 2602 Nauckius.

295 4675 735 4735 wllemowitzetoelleneorlf,
752 4683 864 4722 Analecta
877 4677 1008 4732 Euripiden.
1203 4663 1242 4724 13
