3626 5288
470 606 486 674 ἶ
510 607 570 695 γὰρ
591 603 703 695 χρόνος
724 607 870 697 μάθησιν
892 601 964 676 ἄντί
984 615 1041 678 τοί·
1060 608 1177 693 τείχους

469 709 611 796 κρείσσω
633 709 765 794 δίδωσι,
788 707 934 796 γαπόνος
956 714 984 780 d'
1008 709 1085 803 ἀνὴρ
1107 712 1214 804 πίνης,

471 812 501 880 εί
523 815 578 882 καὶ
599 815 723 900 γένοιτο
744 815 789 902 μὴ
810 807 961 904 ἀμαθής,
994 813 1093 902 ἔργων
1115 815 1182 884 ἱίπο

470 913 528 983 οὐκ
551 914 590 983 ὒν
612 913 743 984 ὀίναιτο
764 917 850 1006 πρὸς
871 917 913 984 τὰ
934 916 1012 986 κοίν’
1036 920 1252 1005 ἀποβλέπειν.

416 1385 423 1400 .
468 1328 600 1421 κομψός
620 1335 648 1419 γ’
672 1330 690 1399 ὁ
712 1334 811 1423 κῆρυξ
827 1333 885 1400 καί
905 1327 1107 1424 παρεργάτης
1130 1333 1238 1421 λέγων

468 1433 544 1501 ἐπεί
566 1437 594 1502 d’
614 1433 721 1522 ἀγῶνα
743 1435 800 1503 καί
823 1436 861 1504 σὺ
885 1436 970 1503 τόνδ’
993 1431 1149 1525 ἠγωνίσω,

467 1536 575 1620 ἄκου’,
597 1538 736 1624 ἅμιλλαν
757 1539 818 1626 γὰρ
840 1539 880 1607 σὺ
901 1535 1096 1629 προῦθηκας
1118 1538 1231 1627 λόγοιν.

467 1639 560 1709 οὐδὲν
582 1638 733 1730 τοριίννοο
755 1643 1003 1728 δυσμενέστερον
1026 1639 1131 1728 πόλει,

467 1743 553 1816 ἵπου
574 1744 688 1830 τὸμὲν
708 1746 894 1831 πρώτιστον
916 1738 973 1813 οὐκ
993 1743 1076 1814 εἰσίν
1092 1746 1191 1832 νόμοι

466 1846 589 1926 κοινοί,
610 1853 723 1936 κρατεῖ
745 1851 773 1916 δ’
796 1840 844 1928 εἷς
862 1849 919 1916 τὸν
940 1844 1039 1934 νόμον
1061 1851 1249 1941 κεκτημένος

466 1943 566 2030 αὐτὸς
587 1955 665 2040 παρ’
687 1949 788 2040 calepi
808 1952 865 2019 καί
886 1947 953 2021 τόδ’
976 1946 1078 2021 οὐκέτ’
1100 1950 1166 2020 ἔστ’
1189 1951 1271 2022 ἴσον.

467 2056 689 2142 γεγραμμένων
710 2055 747 2122 δὲ
769 2060 834 2122 τῶν
856 2052 965 2141 νόμων
986 2055 1006 2123 ὅ
1027 2059 1054 2122 τ’
1077 2049 1222 2147 ἀσθενὴς

466 2155 485 2226 ὃ
505 2157 665 2238 πλούσιός
688 2184 724 2226 τε
745 2159 805 2248 τὴν
826 2157 918 2246 δίκην
939 2155 1013 2250 ίσην
1035 2157 1109 2242 ἔγω,

468 2264 543 2350 νικᾷ
564 2264 592 2328 δ’
613 2259 632 2328 ὁ
653 2259 754 2346 μείων
776 2263 833 2330 τὸν
853 2263 955 2348 μέγαν
976 2261 1076 2330 δίκαι’
1100 2261 1190 2347 dileco,

464 2359 679 2452 τούλεύθερον
700 2367 728 2432 δ’
752 2365 855 2432 έκεῖνο
877 2417 895 2448 ,,
905 2364 957 2444 τίς
976 2365 1070 2434 θέλει
1092 2367 1189 2434 πόλει

462 2467 599 2558 χρηστόν
620 2493 654 2535 τι
675 2464 825 2554 βούλευμ’
847 2467 882 2548 ές
902 2467 1001 2552 μέσον
1021 2469 1172 2560 φέρειν,·“
1193 2475 1324 2557 κρατεῖ·
1439 2461 1441 2466 ’

465 2649 485 2744 ἦ
508 2655 547 2744 δὴ
568 2657 706 2734 νοσῶδες
727 2657 826 2721 τοῦτο
838 2659 918 2738 τοῖς
940 2646 1107 2739 ἀμείνοσιν

466 2757 543 2826 ὅταν
565 2758 707 2846 πονηρὸς
729 2751 844 2842 ἀξίωμ’
867 2754 946 2847 ἀνὴρ
967 2755 1022 2847 ἔχῃ

465 2857 593 2952 γλώσσῃ
614 2861 779 2944 κατασχιὺν
800 2864 915 2951 δῆμον,
938 2855 1029 2929 οὐδὲν
1051 2859 1096 2930 α’ίν
1118 2862 1157 2930 τὸ
1180 2859 1268 2950 πρίν.

225 3005 288 3064 435
465 2994 554 3064 ἔστιν
576 3000 605 3064 δ’
628 2996 772 3064 ἐνισπεῖν
793 3003 900 3064 τοῖσιν
922 2992 1173 3086 ἀσθενεστέροις

432 3117 434 3121 ’
464 3101 521 3168 τὸν
542 3097 728 3184 είτνχοῑντα
749 3103 847 3168 ταῦθ’
866 3099 945 3170 ὅταν
966 3101 1043 3189 κλύῃ
1065 3109 1180 3180 κακῶς.

240 3271 294 3327 420
329 3292 364 3342 γα
382 3272 471 3331 πόνος
490 3277 526 3326 Φ.

238 3359 291 3412 421
327 3361 439 3411 πένοιτο
460 3365 496 3412 Φ.
532 3375 599 3412 corr.
616 3357 747 3428 διαλέγει.

328 3441 460 3514 adpelle
480 3451 516 3498 φ.
554 3461 620 3500 corr.
636 3445 750 3498 Lobeclc.
1163 3473 1165 3480 >

238 3530 373 3584 423-25
409 3529 461 3584 del.
479 3529 631 3599 ΚίναλΙιογῖΙ
667 3531 725 3585 ficti
743 3519 834 3586 autem
852 3533 916 3585 sunt
933 3534 965 3585 ut
982 3531 1106 3585 lacunam
1119 3545 1296 3600 permagnam
1309 3531 1442 3600 expleant⁸

327 3617 467 3670 intercidit
479 3617 550 3671 enim
568 3618 626 3671 fere
642 3617 756 3671 dimidia
771 3633 835 3686 pars
854 3618 984 3672 orationis
1002 3618 1146 3671 Praeconis
1164 3633 1225 3670 cnm
1243 3621 1302 3671 tota
1319 3617 1442 3685 tyranni-

327 3702 370 3756 dis
387 3703 542 3758 laudatione
560 3706 588 3757 et
604 3703 677 3757 chori
693 3703 836 3758 distichon.
873 3705 1082 3773 interpolatione
1095 3704 1182 3758 utitur
1194 3703 1325 3756 Stobaeue
1339 3705 1399 3766 106,
1416 3703 1441 3756 4.

327 3789 444 3842 fortasse
462 3790 497 3842 ad
514 3805 608 3844 vorsus
626 3791 722 3844 lacuna
740 3789 905 3858 interceptos
925 3792 1030 3858 spectet
1047 3791 1158 3844 Aristot.
1175 3789 1253 3857 polit.
1273 3790 1355 3844 1310·
1372 3790 1415 3842 32.

239 3878 292 3931 423
326 3875 380 3944 ἤδη
399 3875 474 3930 Stob.
1142 3901 1145 3908 ·
1258 3903 1261 3910 ·

239 3964 293 4018 426
328 3962 438 4032 κομψὸς
455 3962 482 4014 d'
499 3961 521 4015 P
539 3961 647 4031 proprio
665 3961 741 4016 vitio.

238 4049 369 4104 429-31
405 4047 538 4103 Stobaeue
558 4049 644 4105 49.1.

238 4136 291 4190 432
327 4137 388 4188 ἔστί
407 4150 453 4188 σοι
474 4141 509 4189 Φ.
545 4150 612 4189 corr.
629 4133 792 4189 Markland.

238 4221 300 4276 433.
318 4221 361 4280 34.
378 4221 412 4275 37
449 4219 580 4274 Stobeeus
598 4223 641 4286 44,
659 4224 676 4277 6
696 4221 796 4276 omissa
814 4219 1022 4289 interpolatione
1041 4219 1201 4288 turpissima
1218 4219 1279 4274 435.
1292 4221 1316 4273 6.
1335 4220 1364 4272 et
1382 4221 1440 4272 tur·

326 4307 398 4376 piter
413 4307 442 4360 in
460 4306 572 4362 duorum
590 4308 708 4376 spatium
726 4310 833 4361 auctum
851 4306 963 4376 praebet
976 4307 1030 4360 433
1051 4308 1103 4360 οὐκ
1120 4308 1197 4360 ἔστιν
1215 4307 1298 4359 οὐδέν
1310 4311 1440 4379 κρεῖσσον

325 4393 342 4460 ἢ
359 4394 443 4464 νόμοι
460 4399 570 4466 βροτοῖς
585 4393 590 4462 Ι
605 4399 692 4452 καλῶς
711 4398 848 4458 τεθέντες,
868 4393 885 4445 ὅ
902 4411 932 4445 τε
950 4391 1006 4464 γὰρ
1025 4391 1236 4464 ἀσθενέστερος.

237 4478 291 4534 439
327 4482 423 4555 φέρειν
440 4479 512 4548 ἔχων
527 4495 568 4542 φ.
604 4496 671 4533 corr.
693 4479 734 4533 W.
770 4480 869 4535 ultima
886 4495 937 4533 vox
955 4493 986 4531 ex
1003 4478 1055 4533 437
1071 4477 1201 4547 inrepsit;
1220 4476 1439 4532 debebatentem

326 4565 377 4619 hoc
401 4565 572 4620 enuntiatum
595 4581 611 4618 a
633 4569 835 4640 γεγραμμένων
859 4567 892 4620 σὲ
912 4568 968 4618 τῶν
986 4562 1081 4636 νόμων
1099 4564 1230 4634 pendere,
1259 4564 1439 4632 absolutaque

266 4670 461 4717 Wilamowltn
471 4665 711 4724 -uoellencorfl,
727 4670 839 4713 dealem
852 4670 984 4724 Euripidae.
1202 4657 1219 4718 7
