3594 5292
350 422 384 475 76

346 602 397 660 tur
421 614 461 660 ex
484 593 656 678 archetypo
679 591 760 657 sumi
782 593 881 674 soias3
912 590 1056 673 congruit
1084 596 1189 656 autem
1212 592 1290 658 ordo
1312 593 1380 659 fere
1404 611 1474 657 cum
1493 590 1560 655 vul-

346 706 437 784 gata,
471 698 618 779 quoniam
650 697 819 762 immanem
849 693 975 761 sordem
1007 714 1102 776 quam
1139 715 1179 760 ex
1211 695 1350 762 Pindaro
1379 693 1561 762 Boeckhius

346 802 467 886 expulit
487 801 520 866 in
543 801 672 884 tragicis
693 801 852 884 patienter
873 799 1052 864 toleramus.
1098 799 1343 888 orthographica
1365 800 1473 866 notavi
1493 805 1560 864 ten-

248 955 250 962 <
346 913 412 972 turn
442 926 493 989 ea,
523 905 556 968 in
584 904 698 987 quihus
726 910 781 969 aut
803 901 961 986 quomodo
984 902 1153 986 Euripides
1179 910 1234 968 aut
1262 903 1419 986 quomodo
1440 903 1562 969 hbrarii

284 1071 285 1074 ,
346 1010 548 1094 scripsissent
574 1008 702 1073 dubium
732 1027 802 1073 esse
827 1013 960 1091 poterat.
1006 1007 1120 1071 novavi
1144 1013 1249 1072 autem
1269 1028 1331 1074 non
1353 1009 1560 1093 pluraquam

346 1133 427 1196 quae
461 1114 593 1178 tironem
628 1112 742 1178 desere
773 1111 971 1194 viderentur;
1012 1105 1078 1174 αἰεί
1112 1110 1267 1194 producta
1297 1113 1403 1197 priore
1435 1111 1561 1197 syllaba

344 1213 447 1283 κλαίω
469 1212 602 1302 οἰκτίρω
625 1223 795 1300 augmenta
817 1215 1004 1300 temporalia
1027 1216 1059 1279 in
1082 1214 1287 1298 diphthongis
1311 1238 1346 1280 eo
1370 1223 1402 1281 et
1423 1239 1462 1280 oro
1482 1216 1560 1282 satis

344 1322 466 1387 munita
491 1320 681 1388 videbantur
708 1320 965 1404 inscriptionibus
988 1319 1110 1384 Atticis.
1156 1315 1189 1395 ἐς
1218 1321 1366 1402 quoniam
1388 1319 1559 1406 Euripides
1633 1369 1638 1378 .

345 1428 416 1512 ipse
446 1427 490 1491 ibi
516 1445 641 1508 quoque
669 1425 795 1508 scripsit
816 1424 870 1489 ubi
892 1419 940 1500 εἰς
959 1423 1174 1507 pronuntiavit
1197 1444 1259 1488 non
1282 1424 1465 1490 mutandum
1488 1443 1560 1490 esse

344 1549 459 1596 censeo
492 1530 553 1595 nisi
587 1529 640 1594 ubi
670 1530 808 1593 numeris
842 1527 1003 1609 flagitatur
1029 1526 1225 1610 productum.
1275 1528 1307 1592 in
1338 1527 1357 1606 ξ
1385 1534 1417 1592 et
1440 1547 1461 1590 σ
1482 1547 1560 1594 vero

343 1635 492 1717 qnoniam
522 1639 610 1698 certa
635 1653 746 1697 norma
769 1631 860 1697 deest
888 1631 1029 1696 codicem
1053 1637 1181 1696 secutus
1204 1650 1282 1696 sum.
1327 1632 1360 1696 in
1382 1632 1454 1697 aliis
1476 1631 1560 1697 cohi-

343 1739 408 1804 bito
435 1737 564 1802 iuvenili
594 1736 707 1802 ardore
735 1735 994 1801 consuetudinem
1022 1736 1119 1799 malui
1148 1756 1242 1817 quam
1274 1737 1429 1802 rationem
1453 1736 1559 1818 sequi:

344 1842 456 1924 reliqui
491 1838 605 1906 οὕνεκα
639 1842 692 1906 ubi
719 1840 964 1925 praepositionis
991 1840 1059 1904 vioe
1082 1840 1238 1923 fungitur,
1273 1841 1386 1922 reliqui
1410 1841 1560 1906 elisiones

343 1945 447 2028 qualis
470 1951 518 2011 est
540 1967 569 2010 v.
586 1951 649 2010 456
675 1943 757 2030 πρὸς
775 1943 816 2008 τὰ
839 1945 868 2007 o'
892 1937 1097 2029 ἐξηκόντισα,
1120 1945 1265 2025 quamvis
1288 1945 1413 2010 invitus.

415 2049 678 2116 'Emendatio
708 2049 802 2114 huius
831 2049 902 2113 libri
932 2047 1004 2112 finis
1036 2069 1100 2112 non
1131 2055 1188 2113 est.
1234 2047 1319 2130 quod
1343 2049 1370 2114 si
1393 2055 1560 2132 praestare

343 2155 531 2238 voluissem,
554 2153 696 2238 profecto
717 2173 779 2218 non
803 2172 907 2218 essem
932 2172 1027 2217 ausus
1050 2151 1247 2235 tragoediam
1270 2173 1447 2238 proponere
1471 2153 1560 2218 cuius

343 2277 452 2343 paene
469 2259 598 2342 triginta
619 2258 765 2324 versibus
781 2259 871 2323 triste
888 2257 989 2322 crucis
1005 2257 1130 2340 signum
1145 2256 1377 2341 adpinxissem3
1401 2258 1461 2322 etsi
1476 2258 1560 2322 enim

342 2368 463 2428 certam
485 2362 738 2428 emendationem
761 2362 919 2446 permulta
942 2383 1005 2426 non
1017 2361 1205 2445 admittunt,
1228 2361 1451 2445 probabilitate
1466 2369 1559 2428 tenus

279 2507 284 2524 ·
341 2468 526 2568 plerumque
556 2466 706 2552 progredi
736 2467 817 2532 licet.
864 2475 970 2532 tamen
996 2466 1234 2549 indignissimus
1265 2485 1370 2533 essem
1392 2467 1446 2548 qui
1469 2467 1558 2531 lluri-

341 2571 410 2656 pidi
432 2572 528 2637 etiam
551 2571 747 2638 recensendo
770 2591 882 2637 uranus
906 2571 1121 2654 admoverem,
1145 2571 1205 2635 nisi
1229 2591 1323 2652 quam
1340 2569 1558 2637 emendatissi-

341 2697 425 2741 mam
448 2677 555 2763 {etiam
585 2677 723 2761 propriis
752 2676 940 2742 coniecturis
972 2675 1139 2759 Supplices
1172 2674 1321 2741 exhibere
1357 2674 1557 2742 studuissem.

340 2781 474 2846 iuvabar
502 2787 607 2846 autern
633 2781 855 2846 observatione
883 2780 916 2842 in
937 2778 1123 2844 recensendi
1148 2777 1400 2862 emendandique
1424 2779 1557 2844 confinio

340 2886 453 2969 posita.
489 2906 547 2951 sua
570 2886 682 2967 cuique
705 2885 811 2950 libello
833 2885 901 2948 tata
916 2903 988 2949 esse
1003 2885 1054 2948 vel
1071 2884 1161 2968 pueri
1176 2884 1326 2967 clamant,
1349 2883 1442 2949 huius
1458 2885 1557 2950 verba

341 2989 539 3056 emblematis
557 2989 641 3054 illius
662 2989 783 3053 lacunis
806 2994 937 3054 scatent.
975 3007 1057 3069 quae
1080 2987 1148 3052 fata
1171 2988 1355 3071 explorasse
1372 2996 1445 3055 ente
1462 3007 1558 3070 quam

341 3093 384 3158 ad
407 3093 660 3159 emendationem
683 3112 800 3176 pergas
815 3114 878 3158 non
893 3092 1023 3158 minoris
1039 3091 1137 3156 refert
1151 3112 1246 3174 quam
1262 3092 1405 3158 codicum
1420 3093 1558 3175 genuine

341 3198 442 3263 lectio.
488 3197 573 3278 quod
602 3197 697 3262 etiam
727 3197 814 3280 opud
843 3196 924 3261 alios
955 3196 1125 3280 scriptores
1152 3195 1271 3260 dudum
1295 3197 1489 3262 intellectum
1508 3203 1558 3262 est

341 3302 556 3367 diversissimo
579 3300 673 3366 modo
694 3307 858 3386 corruptos
882 3321 953 3366 esse
977 3301 1074 3366 libros
1098 3299 1210 3365 eadem
1233 3300 1287 3365 via
1308 3302 1399 3366 nobis
1422 3300 1557 3368 traditos

338 3405 556 3492 (reminiscere
579 3405 673 3471 modo
696 3406 868 3470 carminum
898 3423 1142 3486 sermonumque
1164 3404 1287 3470 Horatii
1308 3412 1363 3469 aut
1384 3405 1417 3469 in
1435 3404 1556 3470 Mercu-

340 3510 422 3575 rium
448 3516 481 3575 et
508 3511 540 3574 in
570 3511 726 3576 Venerem
754 3510 945 3596 hymnorum
975 3508 1121 3591 Homeri)
1136 3523 1138 3528 ·
1151 3507 1237 3592 apud
1267 3509 1429 3574 scaenicos
1459 3509 1556 3574 Grae·

340 3634 395 3680 cos
429 3615 522 3699 longe
555 3615 753 3680 manifestius
783 3621 832 3680 est
869 3621 902 3678 et
934 3613 976 3678 ad
1009 3612 1263 3678 emendationem
1298 3614 1392 3696 longe
1427 3614 1556 3680 maioris

340 3719 498 3784 momenti.
543 3719 723 3805 Choephori
750 3720 790 3783 ab
813 3718 1039 3783 llumenidibus
1069 3717 1259 3783 Trachiniae
1287 3718 1328 3782 ab
1351 3717 1475 3802 Oedipo
1498 3717 1556 3783 Go-

339 3825 432 3890 loneo
461 3825 547 3890 Aves
584 3826 624 3889 ab
651 3823 817 3905 Equitibus
852 3823 965 3887 mirum
996 3828 1147 3904 quantum
1186 3822 1342 3888 differunt.
1395 3829 1491 3906 atque
1523 3824 1556 3887 in

339 3927 490 4013 Euripide
523 3928 717 3995 Alcestidem
752 3928 890 3992 omnium
924 3927 1160 4010 tragoediarum
1190 3928 1285 4010 longe
1319 3928 1556 4010 integerrimam

339 4035 481 4116 sequitur
510 4032 733 4098 Andromacha
763 4039 795 4096 et
824 4032 1010 4116 corruptelis
1041 4039 1073 4096 et
1101 4023 1557 4116 interpolationibus-pessum

338 4139 426 4220 data;
449 4139 480 4204 in
504 4139 640 4204 Hercule
663 4137 741 4229 vitia
763 4157 945 4220 numerosa,
969 4143 1002 4200 at
1024 4136 1088 4200 leni
1110 4136 1296 4219 plerumque
1312 4136 1451 4203 medella
1466 4138 1555 4203 resti-

338 4251 479 4327 tuuntur,
507 4243 539 4307 in
567 4243 712 4325 proxima
736 4241 861 4306 llleotra
891 4260 969 4324 prae
998 4240 1250 4323 interpolationis
1272 4249 1358 4307 metu
1381 4242 1436 4306 vix
1456 4240 1556 4308 audes

337 4349 451 4433 pedem
475 4331 625 4432 prolerre.
664 4345 832 4430 Supphees
854 4367 931 4411 vero
955 4344 1126 4427 aliquando
1149 4346 1311 4429 descripte
1325 4352 1375 4412 est
1391 4366 1431 4412 ex
1446 4345 1556 4412 codice

336 4454 368 4518 in
387 4473 450 4535 quo
473 4452 598 4517 litterae
620 4450 777 4516 voeabula
798 4469 911 4516 versus
932 4457 1135 4516 evanuerant.
1171 4449 1372 4516 emendanda
1394 4452 1556 4533 igiturest

336 4557 443 4640 quoad
463 4557 531 4622 fieri
554 4561 660 4642 potest
681 4554 868 4640 supplendo.
914 4561 948 4620 at
969 4573 1032 4620 non
1054 4553 1172 4640 ubique
1194 4555 1327 4621 lacunae
1350 4554 1461 4622 sedulo
1484 4575 1556 4640 pro·
