3626 5288
793 403 830 460 Π.
849 406 876 459 2.
1394 400 1446 458 155

229 583 297 662 381
362 599 813 763 κρ11111ιοι11Α1111οιι111ιι11
846 681 924 744 Rau.
954 685 1026 743 849.
1057 681 1139 743 1356
1180 676 1221 742 de
1258 683 1444 758 argumento

401 775 483 870 quae
522 785 595 850 sciri
631 790 764 868 possunt
802 783 939 866 conlegit
977 782 1014 847 0.
1049 781 1185 848 Jahnius
1217 779 1311 846 Areh.
1347 781 1443 847 Beitr.

402 897 464 955 237
489 908 557 971 sqq.
602 888 742 952 fabulam
769 888 858 953 cuius
884 886 1078 971 paucissima
1103 885 1284 968 fragmenta
1304 885 1444 950 nomina·

401 995 458 1058 tim
486 992 595 1058 adlata
617 997 726 1056 extant
752 991 980 1057 nobilissimam
1002 989 1103 1055 fuisse
1126 1009 1197 1053 cum
1219 988 1284 1054 alia
1302 987 1444 1074 (Sueten.

400 1098 476 1162 Ner.
502 1095 556 1182 12)
583 1102 650 1160 tum
677 1101 879 1160 monumenta
905 1095 992 1178 picta
1017 1099 1050 1158 et
1072 1093 1197 1176 sculpta
1219 1091 1444 1159 demonstrant.

276 1247 279 1252 -
400 1221 474 1266 nam
507 1219 571 1264 ιιοιι
592 1199 773 1283 Pasiphaae
806 1199 908 1265 solum
936 1197 994 1264 sed
1021 1197 1117 1262 etiam
1142 1197 1225 1261 Icari
1250 1196 1361 1261 fabula
1387 1217 1446 1281 per

400 1303 584 1388 Euripidem
611 1303 760 1384 frequens
787 1302 872 1366 facta
899 1307 956 1367 est.
1002 1300 1120 1390 quibus
1142 1299 1299 1366 subtiliter
1327 1301 1443 1365 exami-

399 1407 482 1472 natis
505 1407 563 1471 lux
585 1425 681 1488 quam
703 1407 778 1471 olim
801 1404 935 1471 dederat
955 1406 1020 1470 iam
1042 1404 1075 1469 in
1095 1404 1201 1488 ipsam
1220 1403 1442 1487 resplendebit.

227 1515 294 1592 39†
357 1507 568 1591 Λικύμνιος.Ι

395 1613 506 1678 fabula
528 1613 765 1696 obscurissima,
792 1633 866 1677 nam
888 1611 985 1678 Arist.
1008 1611 1067 1676 Av.
1092 1619 1176 1675 1242
1206 1610 1352 1676 huonon
1374 1630 1444 1694 per·
1508 1605 1511 1610 ’

399 1718 508 1784 tinere,
523 1723 609 1782 recte
631 1715 698 1780 dixi
720 1717 787 1782 obs.
811 1716 878 1781 erit.
905 1724 954 1780 16.
1000 1722 1034 1780 at
1056 1735 1138 1798 quae
1154 1713 1274 1780 ibidem
1289 1713 1329 1779 de
1347 1713 1443 1779 schol.

398 1821 473 1885 Pac.
497 1826 560 1885 528
583 1821 748 1904 proposui,
771 1840 843 1885 oum
866 1820 993 1885 omnino
1016 1818 1156 1884 absurda
1179 1823 1265 1902 sunt,
1288 1824 1354 1886 tum
1369 1817 1445 1900 quia

398 1929 485 1988 recte
453 1922 733 1989 tMeinekius'
725 1945 758 1988 m
794 1920 966 1989 verbisda
930 1916 1200 2009 εκΤηλέφουῆ
1231 1868 1446 2008 Τληπολέμου

402 2027 513 2092 ultima
546 2027 609 2093 duo
641 2027 741 2093 verbe
774 2026 899 2094 delevit.
950 2027 1040 2094 scioli
1070 2026 1153 2092 enim
1182 2031 1259 2091 nota
1289 2031 1338 2090 est
1371 2045 1444 2090 oon-

105 2201 108 2208 ,
398 2130 550 2216 pendium
571 2128 624 2218 urst
651 2131 735 2198 male
756 2131 964 2216 interpretati.

226 2239 294 2317 40†
359 2237 561 2299 MHAEIA.
609 2243 636 2298 1.
682 2229 708 2316 γ’
754 2243 827 2300 431.
873 2235 1067 2301 ef.No.17.
1113 2233 1254 2299 Obsecro
1274 2232 1360 2297 viros
1382 2253 1446 2298 non
1484 2265 1489 2368 Ι

341 2365 344 2372 ’
399 2339 484 2402 omni
516 2339 585 2404 veri
619 2358 656 2403 ao
682 2338 784 2422 pulcri
816 2358 913 2404 sensu
945 2339 1039 2404 orbos
1073 2339 1217 2420 relegant
1243 2335 1445 2420 Neophronis

398 2441 594 2527 fragmenta,
632 2448 668 2506 ut
700 2441 830 2508 tandem
863 2441 1011 2516 desinent
1043 2442 1121 2508 talia
1154 2447 1228 2507 ante
1260 2438 1445 2524 Euripidem
1487 2422 1494 2436 ’

376 2545 518 2630 scripte
540 2546 679 2611 credere

226 2651 294 2730 41†
359 2646 760 2732 praeponeretis
966 2693 967 2698 1

400 2752 496 2818 Arist.
528 2752 586 2818 Av.
611 2761 684 2818 831.
738 2753 776 2818 of.
808 2751 967 2817 Weloker.
996 2751 1050 2817 Gr.
1078 2753 1175 2835 Trag.
1197 2753 1237 2816 II.
1262 2757 1334 2818 755.
1382 2772 1446 2816 ιιοιι

400 2857 486 2921 omni
509 2875 550 2921 ex
570 2863 662 2941 parte
685 2863 819 2922 certam
827 2857 1040 2921 coniecturam
1062 2863 1133 2922 esse
1148 2857 1195 2921 lat
1182 2862 1259 2921 t.eor
1296 2856 1445 2937 frequens

398 2958 526 3026 fabulae
548 2961 666 3026 mentio
692 2961 726 3025 in
748 2961 861 3043 Ranis3
897 2960 1021 3025 numeri
1047 2960 1116 3026 fere
1138 2959 1234 3026 Ionis.
1280 2977 1445 3043 argumen-

401 3070 481 3127 tum:
509 3064 656 3148 Apollod.
679 3065 753 3130 bibl.
776 3065 800 3128 l.
826 3072 855 3148 8,
880 3071 909 3128 2.

231 3171 299 3249 421
363 3163 557 3254 μελανίππη
578 3163 612 3254 (ἡ
633 3162 741 3257 σοφή).
788 3173 862 3234 ante
884 3175 958 3233 411.

402 3270 563 3355 Aristoph.
586 3272 702 3358 Lysist.
729 3277 812 3337 1124
837 3291 908 3337 cnm
928 3271 1024 3337 schol
1042 3279 1276 3356 argumentum:
1304 3271 1445 3338 scholion

401 3374 444 3439 ad
467 3374 600 3458 Gregor.
625 3375 764 3441 Corinth.
788 3377 821 3441 in
843 3377 1033 3460 Hermogcn.
1078 3375 1177 3441 Walz.
1201 3375 1270 3440 Vll.
1296 3383 1388 3441 1313.

227 3484 269 3544 43
359 3474 552 3564 μελανίππη
573 3472 607 3566 (ἦ
631 3478 811 3566 deebriare).

399 3581 577 3665 fragmento
606 3590 668 3648 495
708 3582 751 3649 11
789 3585 979 3649 comicorum
1011 3583 1229 3652 cavillationes
1260 3582 1445 3667 respondet;

226 3753 283 3806 loco
301 3751 438 3806 Cornificii
456 3752 559 3818 11124,
583 3751 629 3805 ubi
647 3751 705 3805 filia
732 3753 760 3806 ct
775 3755 852 3821 pater
871 3753 904 3808 de
922 3753 1015 3808 mariti
1033 3741 1075 3807 cui
1093 3755 1171 3822 peter
1189 3769 1247 3806 eam
1268 3752 1331 3834 olim
1351 3752 1444 3806 iunxe-

226 3840 270 3892 rat
287 3855 358 3892 nunc
376 3837 490 3892 divortio
509 3837 627 3892 adimere
643 3839 703 3891 vult
720 3841 890 3907 argutantur.
927 3841 996 3893 alter
1016 3839 1137 3894 cutiliae
1156 3838 1277 3892 versibus
1295 3839 1339 3892 hic
1358 3854 1390 3892 ex

469 3940 536 3977 acm
554 3923 580 3976 se'
598 3923 751 3992 improbam
769 3940 825 3978 esse
847 3925 1040 3994 Cresphontem
1058 3925 1199 3980 existimas

471 4009 538 4077 qaid
556 4027 598 4064 ow
614 4009 724 4064 locabar
741 4011 862 4078 nuptiis,
883 4012 928 4064 ein
946 4017 985 4066 est
999 4012 1104 4079 probus
1123 4015 1174 4068 etc.

227 4095 347 4150 referunt
364 4095 430 4150 haec
451 4096 486 4152 ad
503 4097 585 4150 Ennii
604 4096 812 4166 Cresphontem
831 4113 909 4154 nemo
925 4098 1041 4154 dubitat.
1076 4101 1107 4154 at
1124 4101 1267 4167 corruptus
1283 4113 1377 4151 versus
1395 4100 1443 4150 est.

227 4182 393 4236 scribebatur
417 4183 638 4247 existimaveras,
663 4183 767 4252 quod'
759 4199 814 4237 ram
839 4188 912 4240 reete
931 4185 1081 4253 spernitur,
1105 4186 1224 4254 proximo
1244 4201 1323 4238 versu
1341 4184 1444 4238 refuta-

225 4271 292 4322 tum.
332 4268 396 4338 quid
415 4269 501 4338 ergo?
527 4267 689 4324 Ribbeckius
709 4267 894 4344 Κρεσφόντην
915 4271 1000 4324 latine
1029 4269 1187 4339 Oreese'poot
1165 4287 1229 4324 rem
1255 4270 1356 4324 dictum
1386 4269 1444 4338 opi·

226 4357 320 4417 natur,
343 4353 508 4424 vapulatqne
525 4355 622 4425 lingua
639 4355 733 4410 latine
772 4356 895 4410 divortiis
915 4355 1030 4411 hercle'
1022 4375 1051 4410 ιιι
1070 4357 1211 4427 tragoedia
1229 4358 1303 4410 locus
1321 4359 1370 4410 est.
1415 4357 1444 4410 11

226 4441 337 4496 valeant
354 4439 453 4495 abeant
441 4443 505 4510 tque
524 4441 716 4510 Oressiponet
733 4443 852 4511 Meropa
889 4441 1023 4497 Caecilius
1043 4444 1115 4498 enim
1133 4443 1175 4496 vel
1195 4443 1317 4512 quisquis
1337 4458 1440 4496 comoe-

226 4526 300 4580 diam
312 4527 434 4596 scripsit,
446 4543 507 4596 ,qua
519 4527 678 4584 Cornificius
691 4543 756 4584 usus
770 4531 820 4596 cst,
839 4529 1038 4590 adulescentem
1051 4529 1311 4598 Ctesiphontem
1323 4530 1443 4584 vocavit.
