3594 5292
341 419 374 473 78

340 581 578 674 coriuptissima
601 607 672 654 enm
695 594 750 652 ant
773 588 898 653 silentio
922 588 1115 671 praeterisse
1138 593 1194 653 eut
1215 586 1408 652 difficillimis
1423 587 1557 671 argutiis

339 693 458 759 frustra
480 692 670 758 defendisse.
708 711 789 773 ques
812 693 1001 773 aliquotiens
1017 692 1261 757 commemoravi
1275 697 1368 756 notas
1383 691 1558 756 Hermanni

280 811 293 832 ·
340 817 436 864 manu
470 798 604 882 scriptas
633 817 673 862 ex
702 816 740 861 eo
772 797 946 880 exemplari
975 795 1157 880 deprompsi
1180 797 1269 860 ouius
1292 796 1450 881 Hauptius
1472 815 1556 861 men·

340 904 457 968 tionem
490 902 565 966 fecit
593 903 626 966 in
657 900 776 965 Herma
806 900 881 963 VIII
904 909 941 981 33
972 919 1055 964 nnnc
1083 919 1188 965 meum
1218 907 1275 964 est.
1321 898 1364 964 ad
1383 900 1558 965 Hermanni

342 1005 470 1072 laudem
505 1011 615 1071 nostra
651 1005 804 1069 memoria
830 1005 975 1088 proxIme
1007 1004 1142 1069 accessit
1171 1003 1465 1069 Kirehhoifius
1496 1004 1558 1069 nisi

340 1109 426 1194 quod
450 1111 482 1174 in
516 1107 706 1193 recipiendis
730 1107 1001 1174 emendationibus
1029 1109 1095 1173 suis
1121 1106 1311 1173 timidiorem
1334 1128 1369 1174 se
1391 1108 1556 1193 praestitit.

341 1215 399 1281 hos
424 1215 562 1297 quinque
596 1213 681 1278 viros
712 1211 848 1296 proximi
883 1218 917 1276 at
947 1212 1040 1294 longo
1071 1212 1239 1276 intervallo
1270 1213 1495 1278 Elmsleius
1526 1219 1558 1277 et

341 1319 555 1383 Nauelrius
582 1323 614 1382 et
640 1337 679 1381 ex
711 1315 941 1398 antiquioribus
964 1335 1041 1380 sane
1061 1315 1377 1382 honorificentissima
1398 1317 1558 1382 mentione

341 1423 457 1506 dignus
480 1422 680 1487 (lanterus
703 1427 860 1486 secuntur.
897 1439 969 1484 mea
990 1421 1041 1484 vel
1064 1420 1157 1503 plura
1172 1422 1278 1503 recepi
1293 1439 1388 1502 quarn
1403 1421 1557 1485 Herman-

341 1527 451 1609 niana‚
475 1525 552 1590 nihil
572 1532 678 1590 tamen
700 1525 761 1589 nisi
784 1523 869 1606 quod
892 1524 1028 1607 repetita
1050 1531 1082 1588 et
1104 1523 1258 1590 adcurate
1277 1525 1369 1589 lectio
1389 1524 1466 1590 mihi
1486 1545 1557 1610 per-

342 1631 508 1713 suasisset,
533 1650 571 1694 ae
593 1629 687 1694 valde
710 1629 840 1711 gavisus
866 1647 936 1692 sum
959 1645 1029 1692 oum
1052 1629 1084 1690 in
1108 1629 1344 1693 conseribendis
1360 1628 1558 1694 adnotatiun-

342 1735 421 1800 culis
450 1733 537 1798 haud
564 1753 635 1798 raro
665 1731 875 1797 animadverti
905 1733 952 1798 eis
984 1751 1066 1814 quae
1101 1733 1171 1815 ipse
1200 1733 1457 1815 excogitaveram
1495 1753 1558 1798 non

343 1858 448 1905 meum
473 1836 718 1904 adscribendum
741 1855 813 1902 esse
834 1856 963 1919 nomen,
997 1835 1056 1900 sed
1079 1842 1133 1900 aut
1155 1836 1372 1919 Musgravium
1394 1843 1448 1902 aut
1470 1838 1558 1904 Reis-

342 1943 430 2008 kinm
452 1948 507 2007 aut
529 1941 610 2007 adeo
633 1939 858 2006 Hermannum.

430 2048 468 2111 In
490 2045 718 2112 constituendis
740 2045 869 2110 tandem
899 2051 1013 2128 poetae
1036 2045 1143 2110 verbis
1166 2044 1405 2127 scribendisque
1428 2045 1559 2111 adnota-

343 2152 480 2218 tionibus
511 2157 640 2234 praesto
670 2148 746 2213 rnihi
768 2147 895 2214 fuerunt
923 2147 1079 2215 editiones
1101 2149 1284 2214 Marklandi
1306 2150 1450 2234 (Lipsiae
1475 2157 1558 2214 1822

343 2257 398 2321 nbi
419 2255 647 2338 Musgraviana
672 2254 825 2338 pleraque
856 2258 889 2318 et
917 2253 1112 2318 Elmsleiana
1139 2252 1258 2338 insunt)
1286 2252 1452 2318 Matthiaei
1480 2255 1560 2319 Her-

343 2361 450 2425 manni
487 2357 675 2424 Kirchhoffii
718 2363 851 2439 utraque
888 2357 1026 2422 Nauekii
1064 2358 1166 2424 altera
1203 2364 1235 2422 et
1272 2358 1368 2423 tertia
1403 2358 1561 2424 Dindorlii

344 2465 462 2548 quinta,
493 2481 715 2546 excerpseram
746 2462 820 2527 olim
850 2481 933 2543 quae
961 2461 1163 2544 Musgravins
1193 2461 1343 2526 Reiskius
1375 2462 1560 2545 Hartnngns

343 2568 497 2634 memoria
519 2567 617 2650 digna
644 2566 720 2630 mihi
749 2565 939 2630 videbantur
960 2565 1140 2656 protulisse.
1185 2566 1310 2647 reliqua
1331 2585 1401 2630 curn
1425 2567 1465 2631 ab
1487 2567 1560 2633 aliis

343 2680 410 2738 turn
440 2693 460 2736 a
485 2669 680 2736 Kirohhoffio
710 2675 869 2735 mutuatus
898 2689 980 2753 sum,
1014 2669 1098 2734 unde
1128 2669 1224 2734 etiam
1253 2688 1403 2736 versuum
1425 2670 1465 2735 ab
1488 2671 1561 2738 aliis

345 2776 549 2862 scriptoribus
569 2775 747 2840 adlatorum
767 2773 908 2838 notitiam
933 2772 1125 2859 deprompsi.
1161 2774 1237 2855 quin
1260 2774 1359 2840 multa
1381 2775 1559 2858 multorum,

345 2881 518 2948 recentium
540 2881 573 2944 in
595 2877 719 2963 primis,
741 2898 792 2942 me
816 2878 965 2943 latuerint
986 2897 1049 2943 non
1072 2877 1180 2943 dubito
1204 2898 1263 2942 nec
1284 2899 1400 2962 magno
1415 2898 1512 2963 opere
1526 2879 1561 2943 id

346 2985 455 3068 doleo,
485 3006 559 3050 nam
585 3003 626 3048 ne
647 3003 743 3048 unum
766 2982 894 3063 quidem
918 2982 986 3046 auri
1009 3001 1143 3064 granum
1166 2983 1198 3046 in
1221 2982 1460 3066 ephemeridum
1482 2989 1560 3049 ster-

345 3089 484 3173 quiliniis
512 3095 547 3153 ut
575 3087 748 3171 reperirem
772 3085 848 3150 mibi
871 3086 1010 3167 contigit.
1056 3085 1140 3168 quod
1164 3086 1191 3150 si
1214 3087 1285 3168 quis
1307 3086 1388 3152 forte
1412 3087 1561 3158 clamabit

346 3199 524 3276 surreptam
543 3191 603 3257 sibi
625 3209 697 3256 esse
720 3189 948 3273 coniecturam,
975 3189 1093 3255 habeat
1121 3190 1180 3255 sibi
1203 3191 1384 3273 gloriolam3
1413 3211 1472 3257 nec
1494 3197 1560 3256 tam

345 3296 495 3382 pauperis
522 3295 641 3379 ingenii
670 3313 728 3358 neo
759 3300 824 3358 tarn
846 3294 1021 3359 inliberalis
1049 3293 1145 3358 animi
1168 3301 1237 3359 sum
1260 3301 1295 3359 ut
1317 3294 1357 3360 de
1380 3296 1561 3360 coniectura

344 3402 473 3485 litigem.
519 3418 709 3482 quamquam
732 3405 781 3464 est
803 3398 944 3481 prolecto
966 3398 1019 3462 ubi
1042 3397 1200 3464 hominem
1217 3398 1383 3465 honestum
1398 3399 1561 3482 poeniteat

346 3505 498 3590 philologi
520 3503 662 3569 nominis.

431 3611 468 3674 In
498 3607 725 3674 conscribenda
755 3606 958 3674 adnotatione
988 3612 1133 3672 constare
1166 3605 1243 3671 mibi
1270 3607 1357 3671 nolui
1379 3626 1418 3671 ne
1440 3607 1560 3673 inutilis

345 3715 470 3796 fierem;
505 3712 616 3778 videor
648 3719 754 3776 tamen
783 3712 823 3776 ab
851 3710 1119 3794 interpretationis
1148 3710 1329 3794 prolixitate
1359 3709 1452 3777 nimis
1482 3711 1560 3776 mihi

345 3819 477 3885 cavisse.
522 3819 555 3881 in
584 3815 760 3901 praefando
789 3813 963 3880 verendum
990 3821 1051 3898 est,
1081 3833 1122 3879 ne
1150 3814 1183 3878 in
1203 3814 1394 3880 eontrarium
1415 3834 1560 3898 peccem:

344 3923 462 4007 quippe
492 3921 546 4003 qui
573 3921 708 4005 primam
737 3917 936 4001 tragoediam
970 3919 1037 3984 edit
1058 3918 1238 4003 philologus
1260 3918 1361 3984 simili
1379 3925 1411 3984 et
1437 3918 1560 4002 pudore

345 4033 378 4093 et
407 4025 596 4108 adrogantia
625 4022 825 4089 confunditur
847 4028 942 4104 atque
964 4028 1060 4107 poeta
1082 4022 1136 4104 qui
1158 4022 1294 4106 primam
1316 4021 1415 4088 docet.
1461 4023 1561 4088 multa

345 4151 458 4217 parum
481 4137 566 4196 recte
589 4148 647 4194 nos
667 4127 783 4194 fecisse
806 4145 876 4191 cnm
899 4127 1057 4210 sciamus,'
1078 4131 1166 4192 recta
1188 4127 1326 4193 voluisse
1349 4132 1435 4192 certe
1458 4126 1561 4194 videri

346 4235 498 4303 volumus.
