3594 5292
497 1314 774 1408 (Ἀριστοφάνους
796 1328 1018 1404 γραμματικσῐΙ
1041 1317 1227 1407 ὑπόθεσις.)

258 1679 476 1694 .....
521 1625 540 1717 ἡ
566 1628 625 1712 μὲν
653 1627 751 1716 σκηνὴ
771 1629 842 1716 (τοῦ
862 1625 1025 1715 δράματος
1042 1626 1225 1716 ὑπόκειται)
1244 1629 1276 1694 ἐν
1297 1625 1465 1697 Ἐλευσῖνι·

254 1728 272 1797 ὁ
296 1731 332 1798 δὲ
352 1731 447 1815 χορὸς
466 1731 682 1821 (συνέστηκεν)
706 1731 742 1812 ἕξ
754 1725 907 1820 Ἀργείων
928 1739 1096 1818 γυναικῶν·
1120 1732 1156 1799 τὸ
1179 1733 1215 1799 δὲ
1236 1736 1343 1821 δρᾶμα
1366 1731 1465 1820 opaco·
1515 1735 1516 1738 ’

253 1833 497 1924 μισνᾌθηνιῖιν.
919 1839 921 1844 ’

607 1939 648 2006 τὰ
669 1947 726 2008 τοῦ
751 1939 915 2027 δράματος
936 1941 1109 2029 πρόσωπα.

644 2040 766 2131 Αἴθρα
813 2047 815 2050 ’
939 2043 1071 2131 ἄγγελος

642 2145 738 2236 χορός
863 2165 871 2188 ’
944 2146 1070 2237 Εὐάδνη

643 2252 767 2341 Θησεύς
936 2245 1017 2341 Ἶφις

642 2356 820 2443 Ἄδραστος
937 2357 1084 2444 (παῖδες)

643 2462 742 2547 κῆρυξ
939 2456 1102 2548 (Ἀθηνᾶ)

632 2561 830 2652 (προλογίζει
852 2563 889 2630 δὲ
911 2562 930 2652 ἡ
956 2559 1103 2652 Αἴθρα.)

337 2891 523 2976 Argumenti
556 2891 640 2974 quod
671 2893 711 2956 ab
734 2891 947 2976 Aristophane
969 2892 1144 2975 protectum
1168 2909 1239 2956 esse
1262 2891 1462 2964 multiintel-

248 2999 359 3062 lexere
380 2997 547 3062 frustulum
570 2997 711 3062 servavit
732 3017 766 3082 φ.
813 2995 1027 3090 restituendae
1050 3003 1154 3061 autem
1178 3002 1268 3060 erant
1285 2995 1461 3079 supplendo
1551 3043 1553 3048 ,

248 3100 374 3166 dicendi
394 3099 549 3166 formulae
571 3099 774 3184 Aristophani
796 3101 952 3184 propriae.
999 3119 1037 3164 ao
1058 3097 1193 3164 delenda
1208 3105 1277 3163 erat
1292 3097 1461 3163 manifesta

247 3205 447 3289 interpolatio
471 3223 553 3286 quae
576 3211 649 3288 post
669 3208 825 3286 γυναικῶν
853 3205 885 3267 in
909 3203 1016 3269 oodioo
1040 3204 1099 3267 fuit
1127 3198 1159 3266 oi
1183 3200 1318 3287 μητέρες
1339 3205 1403 3265 τῶν
1426 3200 1461 3266 ἐν

248 3303 371 3395 θήβαις
392 3301 615 3372 πεπτωκότων
638 3302 813 3392 ἀριστέων,
842 3327 923 3389 quae
954 3308 1052 3372 verba
1079 3315 1111 3372 et
1133 3307 1252 3392 ψεῦδος
1275 3303 1461 3389 περιέχουσι

248 3419 280 3478 et
307 3411 540 3477 construetione·
565 3419 681 3476 earont.
733 3412 816 3476 male
846 3412 978 3476 oonieoit
1010 3431 1030 3495 p
1061 3403 1100 3473 αἳ
1118 3408 1250 3496 μητέρες
1266 3460 1272 3472 .
1291 3459 1297 3472 .
1316 3459 1345 3472 ..
1369 3401 1459 3496 ἦσαν.

242 3511 396 3604 Ἀθηνῶν
418 3515 452 3582 0.
485 3505 673 3600 Ἀθηναίων
703 3516 727 3579 Ρ
752 3516 880 3598 proprio
907 3515 992 3580 vitio.
1037 3513 1173 3579 indioem
1200 3535 1259 3578 om.
1283 3536 1316 3598 ip.
1341 3512 1414 3578 add.
1437 3535 1458 3597 p

246 3627 374 3706 praeter
395 3620 506 3684 ultima
525 3639 607 3701 quae
631 3619 821 3684 recentiores
845 3620 1079 3704 suppleverunt.
