3666 5296
875 641 904 698 3.

372 737 575 838 'Sapientibus
601 753 701 818 multa
730 753 907 819 eommunia
929 773 1000 818 esse
1022 751 1199 838 Aeschylus
1222 751 1314 835 dixit,
1342 752 1370 818 si
1392 759 1498 818 tamen

285 854 376 940 dixit,
399 857 607 940 probavitque
631 859 818 922 sententiam
840 863 1006 942 poetarum
1029 857 1288 941 sapientissimus.
1324 862 1498 922 esttamen

285 959 340 1023 ubi
361 959 587 1046 desipientium
609 961 721 1028 similis
743 960 1015 1027 animadvertatur
1038 967 1216 1026 oonoentus.
1255 959 1367 1025 eadem
1391 961 1499 1026 absur-

285 1063 393 1130 ditatis
407 1065 548 1149 artifioia‚
564 1066 677 1148 quibus
691 1066 935 1150 interpolatores
949 1065 1059 1130 Iliadis
1074 1063 1379 1148 Nibelungiadisque
1391 1063 1515 1130 divina

285 1169 426 1233 oannina
445 1170 664 1254 inquinavere,
688 1169 801 1236 eadem
823 1152 995 1236 artificiosa.
1016 1168 1214 1234 absurditate
1236 1166 1411 1234 defendunt
1424 1169 1499 1233 boni
1571 1206 1573 1210 ·

259 1320 261 1324 -
285 1271 415 1338 Homeri
436 1273 572 1355 bonique
588 1275 804 1358 Kdmbergeri
819 1274 970 1338 asseclae.
1010 1273 1097 1355 atqui
1114 1273 1342 1338 sanaementis
1357 1273 1498 1337 oritioum

283 1377 439 1441 insaniam
461 1397 543 1460 quae
565 1379 619 1443 via
641 1399 679 1442 ao
701 1379 822 1444 ratione
844 1384 951 1442 utatur
972 1377 1059 1442 haud
1073 1377 1238 1460 ignorasse
1254 1376 1353 1442 deoet.
1391 1378 1499 1459 itaque

285 1501 414 1564 operam
443 1503 506 1546 non
532 1503 663 1566 prorsus
688 1483 830 1547 inutilem
857 1502 908 1546 me
930 1483 963 1546 in
986 1502 1023 1546 eo
1046 1481 1192 1566 posuisse
1215 1480 1327 1564 eredo,
1354 1487 1388 1546 ut
1409 1481 1498 1545 fami-

284 1584 359 1648 liam
386 1587 478 1666 quasi
502 1586 781 1670 interpolationum
808 1606 890 1670 quae
917 1606 975 1670 per
998 1585 1166 1670 Sophoclis
1186 1583 1410 1668 Euripidisque
1436 1591 1498 1649 tra-

284 1688 416 1771 goedias
438 1691 605 1774 pullulavit
627 1691 814 1756 eoniunotim
837 1695 910 1757 ante
933 1691 1041 1754 oeulos
1064 1708 1224 1774 ponerem.

286 1825 395 1910 Soph.
418 1828 548 1894 Traeh.
571 1835 622 1892 84.

632 1929 689 1999 αόκ
712 1925 741 1997 εἶ
763 1931 932 2019 ξινὲρξων,
955 1927 1034 2019 ἡνίκ’
1057 1925 1076 2020 ἢ
1099 1925 1297 2016 σεσῴσμεθα

635 2031 667 2126 [ἢ
689 2033 858 2120 πίπτομεν
881 2041 939 2102 οοῑΙ
962 2033 1088 2121 πατρὸς
1110 2029 1314 2121 ἐξολωλότες]

633 2139 739 2206 κείνου
761 2138 833 2224 βίον
856 2135 1025 2227 σῴσαντος
1047 2135 1068 2228 ἢ
1090 2133 1257 2222 οἰχόμεσθ’
1280 2134 1355 2221 άμοι.

286 2261 348 2328 del.
370 2261 513 2346 Bentley.
552 2298 553 2302 =

461 2385 512 2450 El.
537 2389 609 2450 565.
633 2380 707 2469 ἐροῦ
729 2381 766 2448 δὲ
788 2381 844 2471 τὴν
866 2379 1001 2467 κυναγὸν
1019 2375 1197 2468 Ἄρτεμιν,
1220 2375 1308 2458 τίνος

636 2486 753 2564 ποινάς
774 2485 815 2552 τά
838 2484 945 2552 πολλὰ
967 2480 1120 2568 πνεύματ’
1140 2481 1204 2566 ἔσχ’
1228 2482 1262 2548 ἐν
1285 2479 1425 2550 Attana-

637 2588 669 2680 [ἢ
691 2586 752 2676 ’μδ
768 2586 900 2680 φράσω·
924 2587 1031 2677 κείνης
1052 2588 1114 2676 χάρ
1137 2585 1172 2654 ου’
1197 2587 1298 2672 θέμις
1319 2587 1450 2678 μαθεῖν]

288 2713 348 2780 del.
374 2713 408 2780 0.
430 2714 529 2779 Jahn.
1050 2787 1056 2806 .

309 2819 391 2882 Eur.
411 2817 520 2883 Andr.
539 2823 611 2881 810.
635 2810 737 2881 πόσιν
758 2814 932 2899 τρέμουσα,
956 2813 1001 2903 μὴ
1023 2809 1097 2880 ἀντὶ,
1118 2819 1183 2878 τῶν
1206 2811 1406 2896 δεδραμένων

637 2919 672 2984 ἐκ
693 2921 786 2985 τῶνδ’
808 2913 933 3003 άτίμως
955 2917 1110 3002 δωμάτων
1132 2909 1312 3004 άποσταλῇ.

638 3021 668 3114 [ἢ
690 3023 839 3112 κατθάνῃ
861 3020 1032 3088 κτείνουσα
1053 3022 1129 3100 τοὺς
1151 3012 1188 3087 ori
1208 3020 1266 3108 χρὴ
1289 3021 1428 3109 κτανεῖν]

289 3149 349 3216 del.
376 3147 476 3214 Cobet.

428 3253 513 3318 Hoc.
537 3259 610 3316 378.
633 3249 743 3315 θανιδν
766 3249 794 3315 δ’
815 3245 853 3316 ἂν
875 3243 924 3336 εἴη
943 3248 1064 3331 μᾶλλον
1085 3238 1318 3334 εὐτυχέστερος·

636 3349 667 3442 [ἢ
689 3353 763 3434 ζῶν·
784 3352 822 3420 τό
844 3352 906 3439 γάρ
929 3353 982 3440 ζῆν
1004 3350 1048 3440 μὴ
1070 3352 1175 3428 καλῶς
1195 3348 1296 3435 μέγας
1317 3345 1430 3440 πόνος]

289 3477 351 3544 del.
376 3477 500 3542 Nuuolt.
538 3475 590 3540 El.
615 3482 677 3540 308
708 3475 746 3540 of.
769 3475 793 3538 I.
818 3482 846 3539 8.

368 3581 516 3648 Hercul.
542 3587 613 3644 184.
637 3577 712 3664 ἐροῦ
716 3627 727 3656 ,
750 3574 810 3642 τίν’
834 3573 920 3663 ἄνδρ’
945 3571 1077 3668 άριστον
1099 3571 1277 3662 ἐγκρίνειαν
1301 3569 1356 3638 dv·
1417 3655 1421 3666 ·

636 3677 667 3770 [ἢ
689 3673 725 3746 οὗ
748 3681 853 3746 παῖδα
875 3681 932 3746 τὸν
954 3677 1030 3762 ἐμόν
1052 3671 1088 3744 ὃν
1110 3677 1149 3743 σὺ
1172 3677 1236 3766 φῂς
1257 3671 1341 3742 εἶναι
1365 3676 1490 3766 δοκεῖν]

288 3806 351 3872 del.
374 3805 577 3872 Herwerden.

374 3910 520 3976 Hercul.
541 3913 614 3974 452.
637 3899 716 3987 εἶεν,
738 3901 789 3984 τίς
809 3902 924 3994 ἱερεύς,
949 3901 1001 3982 τίς
1023 3902 1165 3992 σφαγεὺς
1186 3905 1250 3968 τῶν
1273 3897 1487 3985 δυσπότμως

639 4008 671 4099 [ἢ
691 4014 748 4098 τῆς
769 4007 921 4100 ταλαίνης
941 4013 998 4098 τῆς
1020 4007 1099 4098 ἐμῆς
1123 4010 1225 4095 ψυχῆς
1247 4000 1372 4094 φονεός]

289 4135 351 4202 del.
376 4135 482 4219 Poley.

304 4241 421 4326 Iphig.
438 4241 546 4306 Ταῦτ’.
564 4249 614 4305 99.
813 4233 938 4322 ποτερά
960 4226 1119 4318 δωμάτων
1141 4229 1388 4320 προσαμβάσεις

641 4340 892 4429 ἕκβησόμεσθα;
920 4344 992 4416 πῶς
1014 4333 1053 4402 δν
1077 4331 1132 4402 οὖν
1153 4334 1321 4419 μάθοιμεν
1342 4332 1381 4411 ἂν

638 4444 669 4536 [ἢ
688 4441 903 4528 χαλκότευκτα
926 4444 1054 4530 κλῇθρα
1074 4436 1225 4518 λύσαντες
1246 4434 1389 4528 μόχλοις]

638 4543 682 4616 ὧν
705 4543 794 4620 οὐδὲν
815 4546 916 4636 ἴσμεν.
