3666 5296
791 384 841 438 III.
861 385 886 438 8.

540 546 717 634 ποταμίοις
739 551 830 637 παρὰ
850 547 1004 636 χεύμασιν

539 654 667 743 πατέρα
689 652 846 743 φίλτατον
869 649 1003 743 (lynci-ei

539 753 690 844 ὀλόμενον
712 757 835 840 δολίοις
854 761 978 849 βρόχων

432 872 492 932 155
538 863 680 950 ἕρκεσιν·
708 855 753 943 εἰς
776 863 813 930 οὲ
834 864 892 933 τὸν
914 862 1042 950 ἰίθλιον,

538 964 657 1055 πάτερ,
681 967 743 1055 ἐγώ
767 967 1004 1056 κατακλαίομαι

539 1070 655 1159 λουτρὰ
677 1071 862 1139 πανύσταθ’
885 1070 1098 1160 ὑδρανάμενον
1117 1076 1192 1164 χροὶι

536 1175 630 1266 κοίτᾳ
653 1174 685 1242 ἐν
706 1173 898 1268 οἰκτροτάτᾳ
919 1176 1075 1248 θανάτου.

235 1325 295 1384 153
319 1317 452 1401 ἀμκαλεῖ
475 1338 515 1384 ex
537 1317 676 1382 metricis
696 1324 745 1382 est
768 1318 939 1402 Hartungii
960 1319 1147 1386 coniecturis
1173 1318 1343 1402 quaesere
1366 1319 1442 1384 reci-

232 1423 360 1507 piuntur
382 1443 452 1487 cnm
474 1428 562 1487 certa
584 1419 804 1486 emendatione
828 1422 999 1494 carendum
1021 1424 1073 1508 sit3
1100 1422 1208 1499 καλεῖς
1231 1422 1255 1488 O
1283 1422 1375 1488 καλεῖ
1391 1423 1441 1488 0².

233 1533 295 1592 154
324 1519 524 1611 cuiuspiam,
559 1523 673 1608 πατέρ’
698 1526 723 1591 G
751 1526 898 1593 absurde.
944 1527 1090 1594 convenit
1122 1527 1199 1592 mihi
1228 1527 1261 1592 in
1287 1526 1348 1592 hac
1373 1547 1444 1594 con-

230 1632 351 1697 iectura
389 1651 460 1696 cum
494 1630 676 1696 doctissimo
710 1631 812 1696 amico
846 1631 990 1716 Augusto
1022 1631 1128 1698 Mario
1165 1631 1356 1716 Capitolino,
1391 1631 1445 1715 qui

231 1736 366 1802 schedas
401 1756 475 1802 suas
510 1735 637 1819 optimis
676 1735 708 1799 in
741 1735 927 1820 Euripidem
966 1735 1293 1803 animadversionibus
1331 1736 1444 1820 plenas

230 1841 350 1906 Romae
380 1840 457 1905 mihi
475 1838 691 1924 inspiciendas
714 1839 882 1905 concessit:
911 1841 1024 1906 ceteris
1046 1840 1207 1924 Euripidis
1230 1839 1344 1906 amicis
1364 1840 1443 1906 nolit

229 1943 380 2010 invidere.
427 1944 521 2009 etiam
551 1965 598 2010 vs.
623 1952 706 2010 1272
738 1943 849 2010 eodem
879 1937 974 2010 modo
1001 1945 1194 2010 correximus
1216 1945 1344 2027 Σεμνῶν
1365 1948 1442 2031 βρο-

229 2051 333 2114 τοῖσιν
367 2039 498 2131 εὐσεβὲς
529 2041 736 2136 χρηστήριον,
768 2045 896 2135 (σεμνὸν
929 2049 1043 2115 vitiose
1077 2048 1116 2136 C)
1149 2069 1252 2131 neque
1283 2049 1443 2114 latuerunt

229 2151 369 2218 Mavium
390 2153 514 2237 turbae,
541 2173 621 2235 quas
643 2172 740 2236 supra
761 2173 802 2218 ex
825 2151 958 2218 Orestae
982 2153 1123 2219 oratione
1148 2161 1209 2218 279
1234 2153 1349 2238 expuli.
1386 2152 1444 2219 sed

229 2256 395 2322 ridiculum
421 2257 532 2323 vitium
558 2279 587 2324 v.
614 2262 675 2321 158
700 2255 864 2323 deformat.
910 2257 981 2340 quis
1007 2257 1061 2322 ille
1086 2263 1135 2322 est
1156 2257 1271 2340 fatalis
1292 2257 1390 2323 lectas
1410 2257 1443 2321 in

229 2381 290 2444 quo
312 2362 543 2446 Agamemnoni
568 2361 716 2426 balneum
742 2367 967 2445 praeparatum
1000 2361 1071 2426 est?
1115 2360 1285 2446 respondet
1310 2361 1443 2426 Weilius

227 2466 277 2531 vir
310 2466 465 2532 abstrusis
498 2485 655 2550 persaepe
680 2485 754 2532 raro
789 2465 936 2532 absurdis
970 2464 1145 2531 delectatus
1186 2465 1220 2529 la
1248 2465 1440 2547 μὲνῖμίινοεε

229 2565 324 2657 κοίτᾳ
341 2570 408 2652 fait
432 2570 574 2636 allusion
594 2592 638 2636 αιι
657 2570 696 2635 lit
719 2571 757 2634 dc
778 2591 871 2652 νεμοε
890 2591 949 2636 sur
970 2569 1069 2651 lequel
1090 2569 1311 2652 Apamemaoa
1331 2571 1442 2636 caruit

230 2676 273 2739 dut
291 2675 444 2740 s'e'tcadre
467 2675 561 2756 apris
583 2675 720 2758 lebeta,
743 2674 863 2741 scilicet
882 2675 944 2740 nisi
966 2680 1062 2740 antea
1083 2673 1206 2740 occisus
1228 2681 1320 2741 esset.
1358 2674 1442 2740 Wei-

228 2777 289 2844 lius
318 2779 415 2862 igitur
447 2779 612 2862 naufragio
647 2778 849 2863 absumptum
875 2779 907 2844 in
934 2783 1027 2864 portu
1055 2777 1173 2844 obiisse
1195 2777 1278 2845 dicit.
1324 2781 1441 2844 rectius

228 2882 423 2948 meminisset
456 2882 619 2968 Aeschyli,
655 2883 743 2948 cuins
776 2883 993 2949 austeritatem
1025 2880 1186 2968 Euripidis
1217 2882 1280 2948 levi
1312 2882 1441 2948 dictioni

228 2986 343 3052 totiens
362 2986 480 3053 frustra
502 2986 643 3053 obtrusit.
685 3007 748 3052 non
772 2987 864 3053 ahter
887 2993 982 3070 atque
1004 2985 1184 3071 Aeschylus
1207 2987 1302 3052 etiam
1317 2985 1440 3072 Euripi-

222 3089 285 3169 des
312 3091 344 3156 in
370 3091 499 3157 lavacro
526 3091 642 3158 balnea
667 3091 743 3156 fecit
768 3091 955 3176 praeparari
980 3089 1313 3176 Agamemnonemqne
1341 3089 1442 3156 occidi

228 3189 344 3282 δροίτᾳ
366 3190 399 3258 ἓν
422 3189 615 3281 οἰκτροτάτᾳ
633 3188 789 3261 θανάτου.
1293 3263 1297 3267 ,

315 3314 403 3392 Quas
433 3316 466 3380 in
492 3315 620 3382 Electra
645 3323 776 3402 tangere
803 3317 889 3384 nolui
915 3316 948 3382 in
970 3317 1115 3383 Helena
1141 3316 1262 3400 aliquot
1285 3315 1439 3401 exemplis

227 3419 450 3485 demonstrabo
485 3409 741 3506 inpudentissimi
767 3421 1001 3506 interpolatoris
1027 3419 1167 3487 fraudes.
1216 3427 1330 3486 vereor
1357 3421 1440 3485 enim

226 3531 260 3589 ut
286 3525 355 3609 ipse
381 3525 414 3588 in
440 3523 607 3608 tragoedia
634 3526 722 3591 cuius
749 3525 812 3610 ipsi
837 3525 959 3591 numeri
989 3524 1088 3591 bilem
1110 3523 1188 3589 mihi
1208 3529 1336 3591 movent
1358 3543 1440 3591 com-

225 3636 406 3694 moraturus
426 3628 494 3694 sim.
539 3628 642 3694 tribuo
666 3635 773 3695 autem
794 3629 856 3696 hoc
878 3629 1155 3716 interpolationum
1178 3648 1279 3713 genus
1301 3621 1438 3714 ὑποκρι-

225 3736 297 3807 ταῖς
318 3733 338 3797 ἰ.
362 3753 389 3799 e.
412 3731 630 3799 histrionibus:
658 3755 732 3799 nam
746 3733 1014 3801 Heimsoethianis
1029 3732 1198 3818 glandibus
1212 3731 1304 3816 fruge
1319 3730 1438 3797 dudum

132 3875 137 3884 ·
226 3843 355 3922 reperta
376 3857 439 3902 non
460 3857 583 3904 vescor.

312 3976 349 4042 In
388 3973 537 4041 vaticinia
577 3974 736 4043 invehitur
768 3977 896 4044 nuntius
934 3983 1102 4062 postquam
1140 3973 1270 4040 'l'roiam
1307 3979 1439 4058 propter

226 4079 369 4146 umbram
392 4078 546 4147 cecidisse
569 4079 690 4146 audivit
798 4130 800 4138 .

487 4195 522 4266 τί
546 4202 626 4288 δῆτα
648 4198 895 4284 μαντευόμεθα,ι
924 4205 994 4280 τοῖς
1016 4203 1127 4266 θεοῖσι
1148 4205 1225 4286 χρῆν

486 4299 631 4383 θύοντας
653 4301 756 4370 αἰτεῖν
776 4296 906 4390 οἰᾳαθά,
929 4301 1081 4389 μαντείας
1100 4304 1128 4369 d'
1152 4302 1218 4380 ἐοῖν,

269 4414 332 4476 755
486 4404 560 4489 βίον
582 4408 644 4494 γοίρ
668 4405 771 4488 ἄλλως
793 4406 905 4495 δέλεαρ
926 4405 1048 4498 ηὑρέθη
1070 4408 1153 4476 τόδε.

271 4519 332 4579 'le
379 4514 451 4578 XO.
484 4509 519 4590 ἐς
539 4503 637 4579 ταῦτὸ
661 4511 759 4597 κάμοὶ
782 4507 861 4594 δόξα
882 4516 1038 4597 μαντειῶν
1059 4511 1137 4598 πέρι

271 4635 709 4689 Ἧίιτωοττῖετ-Μοεὶἱεοοοεῐΐ,
725 4637 837 4680 Analecta
850 4634 980 4687 Euripides.
1176 4621 1214 4678 16
