3666 5296
383 370 436 428 232
941 369 992 426 ΠΙ.
1010 370 1036 426 T.

384 549 439 612 aut
459 542 581 612 formae
603 551 658 612 aut
680 543 832 610 adtributi
853 549 909 611 aut
932 546 1071 612 muneris
1092 545 1162 614 deis
1183 531 1254 613 istis
1276 546 1412 614 traditur
1433 554 1469 614 ut
1483 547 1595 630 cuique

382 649 454 716 loco
476 649 637 716 convenit:
661 649 768 736 cogita
787 649 882 716 modo
906 670 988 734 quae
1010 651 1051 718 de
1063 651 1182 718 Amore
1196 652 1377 736 Anacreon,
1399 651 1440 718 de
1455 651 1596 718 Victoria

382 752 540 822 Pindarus
572 753 678 822 dicere
702 755 772 820 ausi
796 755 868 822 sint.
913 761 1002 821 certa
1029 762 1134 822 autem
1159 756 1263 822 forma
1285 778 1324 822 ac
1343 756 1446 841 figura
1463 756 1595 822 numini-

321 884 326 895 ·
383 859 443 925 bus
468 866 536 926 tum
565 857 693 926 demum
722 865 783 946 est,
817 879 889 926 cum
918 860 1004 946 apud
1032 862 1170 946 pictores
1202 862 1440 948 sculptoresque
1469 882 1546 930 usus
1566 867 1598 928 et

382 963 484 1030 felicis
513 963 667 1030 audaciae
694 964 827 1031 imitatio
855 964 995 1030 invaluit.
1042 966 1128 1049 quod
1157 966 1262 1033 medio
1284 968 1413 1034 saeculo
1435 967 1543 1050 quinto
1564 967 1598 1032 iu

382 1067 525 1136 Victoria
556 1068 675 1136 factum
708 1089 779 1136 esse
810 1089 908 1154 supra
938 1069 1021 1156 dixi;
1055 1071 1187 1137 vascula
1209 1072 1308 1156 nigris
1334 1071 1490 1138 coloribus
1513 1071 1599 1156 picta

384 1194 456 1241 eam
477 1175 638 1260 ignorant,
669 1173 784 1241 rubrae
805 1175 926 1258 figurae
949 1174 1133 1262 ostendunt,
1161 1177 1359 1244 consentiunt
1380 1182 1496 1263 poetae
1518 1175 1599 1242 duee

384 1277 558 1365 Sophocle,
591 1279 626 1344 in
644 1279 762 1346 Amore
790 1299 946 1346 summum
975 1280 1128 1346 artificem
1159 1302 1194 1348 se
1216 1282 1375 1366 praestitit
1397 1281 1524 1348 divinus
1544 1281 1599 1346 ille

384 1383 571 1468 Praxiteles,
587 1403 754 1469 perquem
773 1385 868 1450 etiam
882 1385 984 1451 cultus
999 1385 1126 1452 Amoris
1140 1386 1343 1472 percrebruit
1373 1391 1479 1472 potest
1493 1391 1598 1450 autem

386 1488 481 1554 etiarn
514 1486 691 1554 dramatico
725 1489 831 1573 poesis
866 1495 952 1556 artes
981 1489 1134 1574 figuratas
1163 1489 1291 1576 docere,
1324 1489 1408 1574 quod
1438 1491 1471 1555 in
1493 1490 1597 1556 Furiis

385 1592 579 1680 Aeschylum
610 1593 725 1661 fecisse
757 1593 959 1662 manifestum
989 1601 1046 1662 est.
1092 1595 1150 1662 sed
1181 1595 1263 1662 haec
1296 1595 1494 1679 significasse
1520 1595 1598 1662 satis

385 1698 501 1783 haheo,
536 1718 588 1764 res
621 1699 655 1764 in
683 1699 851 1785 propatulo
882 1705 938 1766 est.
992 1706 1099 1766 tamen
1126 1700 1281 1785 philologi
1310 1720 1406 1783 quam
1427 1700 1515 1766 caeci
1536 1700 1599 1766 sint

386 1799 606 1870 adnotationes
619 1803 722 1885 qualis
738 1809 787 1869 est
802 1802 1037 1870 Schneidewini
1052 1805 1094 1870 ad
1110 1803 1206 1891 Soph.
1225 1803 1303 1871 Oed.
1319 1806 1395 1890 Tyr.
1414 1812 1453 1870 27
1471 1803 1599 1886 docent,

386 1907 514 1972 mallem
535 1913 645 1974 tamen
668 1908 827 1975 caecutire
851 1927 947 1991 quam
969 1909 1136 1976 allucinari
1158 1929 1267 1975 eorum
1288 1910 1350 1974 ritu
1372 1910 1427 1993 qui
1448 1909 1599 1974 invictam

387 2012 489 2078 Iahuii
511 2011 552 2078 de
579 2013 780 2098 vasculorum
802 2013 959 2097 pictorum
981 2014 1139 2080 aetatibus
1163 2015 1351 2080 contendam
1374 2014 1452 2080 artis
1476 2013 1599 2098 epigra-

387 2117 500 2204 phicae
530 2117 698 2184 inscientia
730 2119 908 2184 convellere
937 2119 998 2185 sibi
1019 2119 1174 2187 videntur.
1220 2120 1387 2205 Temporis
1409 2120 1544 2202 figuram
1566 2118 1600 2183 in

387 2222 597 2288 monumentis
618 2222 779 2289 veteribus
801 2217 922 2290 nullam
944 2222 1026 2309 vidi;
1048 2244 1123 2290 nam
1144 2223 1294 2290 Archelai
1309 2225 1417 2290 tabula
1430 2223 1601 2290 Homerica
1637 2283 1641 2290 .

388 2325 515 2394 scholae
545 2326 618 2392 usui
646 2325 805 2394 destinata
833 2327 895 2393 huc
925 2349 988 2394 non
1010 2327 1095 2394 facit.
1142 2349 1180 2394 ac
1202 2329 1272 2394 fieri
1294 2349 1355 2394 non
1377 2334 1504 2414 poterat
1526 2327 1602 2410 quin

389 2435 589 2498 exaresceret
611 2430 720 2496 vivida
735 2432 902 2517 Temporis
924 2433 1031 2516 imago
1053 2432 1270 2499 efflorescente
1292 2431 1501 2517 philosophia
1542 2451 1602 2496 nec

389 2542 494 2602 tamen
518 2534 626 2603 dubito
650 2539 833 2622 recuperari
854 2558 951 2624 posse
965 2537 1137 2604 divinando
1152 2539 1395 2604 instrumentum
1411 2535 1601 2619 1111111111-

388 2638 481 2726 pides
496 2640 526 2706 ei
541 2641 702 2708 tribuerat.
730 2642 919 2726 requirimus
935 2643 1019 2708 enim
1034 2649 1143 2728 aptum
1158 2641 1329 2709 evertendo
1345 2641 1458 2707 currui.
1487 2640 1603 2706 falcem

389 2745 583 2832 praelongae
615 2747 757 2833 perticae
789 2746 920 2814 infixam
951 2767 1046 2830 quam
1073 2747 1188 2814 novicii
1209 2747 1346 2814 artifices
1368 2746 1520 2830 Temperi
1540 2751 1603 2810 tra-

391 2849 469 2916 dunt
490 2850 575 2918 unde
597 2851 790 2936 sumpserint
811 2850 979 2935 quandove
1000 2852 1055 2917 hic
1076 2872 1153 2918 usus
1175 2852 1344 2918 invaluerit
1366 2849 1483 2916 nescio.
1529 2855 1604 2913 ante

390 2955 524 3022 Paulum
550 2955 767 3022 Veronensum
799 2956 918 3041 pictum
945 2977 1008 3023 non
1037 2956 1166 3022 memini
1187 2957 1348 3040 Tempus,
1381 2975 1441 3020 neo
1466 2953 1604 3022 11111111
1679 3013 1682 3018 .

390 3059 497 3144 inepte
527 3059 647 3124 conicio
678 3057 796 3144 duplici
823 3059 998 3128 confusioni
1026 3061 1115 3126 illam
1137 3061 1272 3144 figuram
1294 3059 1420 3143 deberi,
1448 3059 1494 3122 ita
1514 3063 1606 3122 utet

392 3145 519 3247 Χρόνος
542 3183 615 3228 eum
635 3162 771 3231 Saturno
794 3171 826 3230 11
848 3161 937 3251 ἅρπη
960 3185 1031 3230 oum
1052 3165 1135 3230 falce
1150 3165 1281 3232 confusa
1296 3165 1344 3230 sit.
1383 3161 1506 3229 accedit
1520 3158 1605 3244 quod

391 3268 425 3332 in
457 3267 712 3352 praeclarissimo
742 3253 854 3354 Campi
880 3268 990 3336 Sancti
1017 3269 1140 3354 pariete
1162 3269 1245 3336 Pisis
1275 3269 1402 3352 ignotus
1429 3267 1523 3332 homo
1546 3263 1606 3330 sed

393 3371 507 3456 dignus
541 3372 685 3458 magistri
717 3373 796 3439 Iocti
829 3373 972 3440 aemulus
1003 3373 1138 3440 Mortem
1169 3372 1415 3457 triumphantem
1449 3375 1479 3436 et
1512 3369 1607 3436 simili

391 3474 496 3562 figura
525 3483 556 3544 et
585 3477 668 3544 falce
696 3497 736 3544 ea
757 3484 913 3544 armatam
942 3478 1045 3564 pinxit
1069 3497 1151 3560 quae
1172 3485 1286 3562 postea
1308 3475 1459 3560 Temperi
1481 3492 1606 3556 quoque

392 3580 511 3648 tradita
533 3587 589 3648 est.
636 3580 845 3667 Orphicorum
872 3582 951 3650 deur
972 3577 1068 3646 Αἰών
1098 3581 1139 3649 de
1161 3601 1223 3665 quo
1244 3580 1526 3663 archaeclogorum
1547 3577 1606 3643 Lo-

392 3686 525 3754 beckius
555 3686 718 3770 inquisivit
746 3685 903 3771 Georgius
929 3687 1037 3772 Zoega
1062 3687 1195 3771 (Bassir.
1217 3687 1257 3751 Π.
1282 3685 1338 3771 32)
1361 3685 1485 3751 olavam
1507 3687 1607 3766 tenet,

395 3789 529 3857 eandem
552 3810 572 3855 a
594 3793 711 3877 Καιρῷ
732 3792 834 3858 teneri
855 3792 888 3856 in
910 3811 1008 3876 opere
1029 3791 1152 3858 musivo
1174 3789 1296 3856 Veneto
1318 3809 1432 3874 parum
1454 3787 1607 3854 adcurata

394 3893 533 3978 imagine
567 3893 720 3982 deceptus
754 3894 889 3962 credidit
921 3894 958 3962 Ο.
979 3895 1118 3962 Iahnius.
1171 3894 1230 3961 sed
1263 3900 1432 3977 antequam
1464 3892 1498 3956 in
1521 3890 1608 3963 ,haec

394 4000 546 4085 temporis
568 4001 698 4068 numina
716 4001 757 4067 ab
779 4001 905 4068 homine
928 4021 1005 4067 sano
1027 3999 1211 4085 inquisitum
1233 3999 1306 4084 erit,
1328 3998 1383 4080 qui
1404 4016 1464 4062 nec
1485 4000 1607 4076 aetates

395 4103 567 4172 coufrmdat
599 4125 658 4170 nec
690 4105 822 4173 noviciis
846 4105 1033 4172 nebularum
1060 4123 1258 4186 auroraeque
1280 4101 1496 4171 deliramentis
1518 4097 1607 4182 qnid-

396 4229 492 4294 quam
518 4209 697 4295 indulgeat,
729 4209 784 4275 vix
811 4211 928 4296 poterit
957 4210 1035 4276 certi
1063 4209 1236 4292 quidquam
1263 4207 1388 4290 conligi.
1431 4225 1490 4272 uos
1512 4203 1608 4288 igitur

395 4314 475 4380 nihil
508 4314 690 4398 quaerimus
729 4315 791 4382 nisi
823 4315 1064 4382 instrumentum
1098 4312 1269 4380 evertendo
1303 4311 1408 4378 currui
1440 4308 1607 4376 idoneum:

396 4418 512 4484 Furiae
532 4418 737 4485 Etruscorum
769 4419 802 4484 in
833 4417 1039 4504 sarcophagis
1062 4418 1228 4504 Hippolyti
1254 4416 1414 4482 interimm
1436 4411 1610 4480 exhibenti-

397 4526 457 4596 bus
480 4526 604 4597 clavam
623 4531 743 4612 tenent,
766 4525 828 4606 nisi
849 4525 930 4604 forte
953 4529 1092 4591 statuere
1108 4522 1210 4590 mavis
1225 4521 1313 4588 t'aces
1329 4519 1457 4604 saepius
1472 4517 1611 4602 pessime
