3626 5288
390 400 442 472 141
957 406 993 465 rr.
1012 411 1038 466 1.

330 577 332 582 ’
386 589 508 655 frustra
544 585 799 672 quaesiverrmt):
812 584 837 670 ¹)
884 583 949 647 iam
984 581 1126 647 Platonis
1165 587 1196 646 et
1224 575 1394 644 Praxitelis
1430 583 1536 642 aetate
1566 596 1606 641 ex

388 693 499 776 populi
532 691 686 756 memoria
723 707 856 773 prorsus
898 686 1067 750 evanuisse
1108 682 1238 749 easdem
1271 701 1462 767 persuasum
1494 680 1605 744 habeo.

389 794 475 876 quod
491 813 643 876 quorsum
664 793 776 876 iaciat,
800 789 945 873 exemplo
970 789 1131 854 clarescet.
1169 786 1296 851 fabulae
1312 785 1488 869 cuiuspiam
1502 785 1606 866 singu-

388 899 464 962 laris
496 897 702 962 conformatio
736 896 764 961 si
796 895 829 957 in
862 893 992 958 vasculo
1022 891 1208 957 Atheniensi
1244 889 1363 956 sacculi
1392 887 1493 970 quinti
1521 888 1607 971 picta

386 1001 545 1066 invenitur
578 999 620 1064 ad
646 997 808 1082 Euripidis
835 995 1034 1078 tragoediam
1065 995 1279 1078 satyricamvc
1307 991 1457 1057 recedere
1485 997 1605 1076 potest:

386 1104 504 1168 facturn
534 1102 569 1166 id
599 1123 687 1186 esse,
717 1101 821 1166 evinci
847 1117 1019 1180 numquam
1048 1104 1162 1182 potest.
1208 1097 1256 1162 sin
1279 1117 1355 1161 vero
1378 1094 1466 1180 apud
1488 1101 1604 1160 statua

387 1207 469 1273 rium
490 1225 573 1271 saec,
595 1205 715 1288 quarti,
739 1203 826 1288 apud
841 1202 1081 1286 epigrammatis
1096 1207 1238 1285 poetam,
1249 1245 1251 1248 -
1262 1200 1311 1265 sin
1325 1199 1358 1262 in
1373 1199 1498 1282 pictura
1512 1198 1603 1294 Porn-

387 1309 504 1393 peiana
533 1327 653 1373 urnaue
675 1308 826 1390 Etrusca,
860 1305 948 1390 apud
975 1303 1245 1388 mythographum
1271 1303 1518 1368 scholiastamve
1540 1301 1603 1365 tale

387 1411 464 1494 quid
495 1411 699 1494 observatur,
733 1409 895 1494 Euripidis
928 1407 1055 1493 perdita
1088 1415 1162 1472 tunc
1191 1406 1301 1471 fabula
1328 1406 1362 1470 in
1390 1425 1520 1471 censum
1541 1425 1603 1469 non

386 1513 481 1579 verrit.
527 1521 560 1578 at
587 1515 620 1578 in
649 1511 857 1588 instauranda
884 1531 994 1576 carum
1021 1511 1217 1594 fabularum,
1252 1529 1335 1592 quae
1364 1509 1455 1574 nobis
1478 1507 1604 1573 demum

386 1624 516 1701 ereptae
542 1623 627 1701 sunt,
653 1617 808 1682 memoria
833 1615 1004 1700 praecipue
1034 1613 1163 1696 quidem
1189 1613 1223 1678 id
1246 1613 1439 1696 quaerimus,
1470 1619 1505 1676 ut
1528 1612 1603 1676 artis

386 1719 579 1804 Euripideae
608 1721 723 1786 clarior
753 1726 784 1784 et
805 1719 959 1802 integrior
980 1718 1071 1783 nobis
1095 1724 1168 1782 ante
1192 1718 1301 1782 oculos
1324 1722 1460 1801 ponatur
1481 1716 1602 1798 imago:

386 1842 497 1888 verum
519 1824 603 1888 enirn
618 1843 694 1888 uero
704 1822 879 1888 uniuersae
894 1823 1071 1886 litterarum
1087 1827 1120 1885 et
1135 1821 1213 1885 artis
1229 1821 1380 1886 historiae
1396 1820 1602 1884 consulimus:

385 1926 459 1992 hino
486 1927 569 1991 enim
597 1947 661 1991 non
688 1925 783 1991 modo
806 1925 964 2007 quomodo
986 1923 1156 2008 Euripides
1179 1925 1330 2007 senserit,
1362 1922 1439 2005 quid
1460 1921 1604 2007 Euripidi

386 2030 542 2114 placuerit
566 2015 778 2113 cognoscitur,
806 2027 865 2094 sed
882 2029 980 2107 simul
1003 2027 1080 2110 quid
1103 2027 1251 2092 universo
1272 2027 1467 2092 Graecorum
1486 2026 1603 2111 populo

386 2134 584 2199 carissimum
605 2134 688 2198 inter
708 2133 833 2197 fabulas
856 2132 947 2216 poesi
975 2138 1118 2197 sacratas
1140 2130 1250 2214 fuerit,
1279 2130 1363 2195 11111
1386 2129 1509 2213 figurae
1530 2129 1603 2194 11111

385 2237 603 2322 provenerint,
634 2257 716 2319 quae
743 2242 905 2318 tamquam
927 2255 1069 2300 summae
1092 2233 1313 2320 pulcritudinis
1335 2234 1507 2299 simulacra
1528 2253 1602 2318 pue.

386 2341 497 2406 rilibus
520 2341 633 2406 animis
655 2340 772 2404 infixae
795 2360 853 2424 per
875 2346 945 2404 octo
969 2340 1098 2404 saccula
1113 2339 1286 2404 cultissimo
1302 2338 1420 2423 populo
1435 2337 1468 2402 in
1482 2336 1602 2403 deliciis

384 2443 519 2510 fuerunt.
563 2463 701 2526 namque
723 2444 801 2510 artis
823 2443 980 2526 figuratae
994 2449 1199 2508 monumenta
1212 2463 1276 2507 non
1291 2443 1444 2524 clamant,
1467 2460 1602 2524 quonam

386 2553 426 2612 ex
449 2548 553 2632 capite
575 2547 702 2612 divinae
725 2547 934 2631 cogitationes
958 2553 990 2611 et
1010 2546 1194 2612 intuitiones
1216 2546 1434 2631 provenerint,
1458 2565 1538 2627 quas
1561 2545 1603 2609 ad

385 2671 462 2717 suae
495 2651 572 2716 artis
605 2651 694 2734 leges
728 2651 871 2716 excrdtas
904 2656 935 2715 et
967 2650 1209 2716 transformatae
1240 2649 1407 2732 exhibent,
1441 2651 1601 2715 Romanus

384 2761 481 2838 pocta
500 2754 595 2839 unde
624 2761 679 2819 aut
705 2753 814 2818 fabula
843 2753 1027 2819 exornanda
1058 2760 1114 2818 aut
1136 2759 1323 2820 ornamenta
1343 2753 1471 2818 fabulae
1493 2773 1599 2818 marra-

385 2858 447 2922 rint
486 2865 541 2922 aut
576 2858 678 2923 nescit
718 2864 774 2922 aut
807 2856 1005 2923 dissimulat:
1039 2856 1264 2942 mythographi
1294 2863 1327 2922 et
1355 2855 1602 2942 compendiorum

385 2961 721 3043 coniectaneorumquc
744 2961 915 3045 scriptores
937 2961 970 3025 in
984 2961 1124 3026 fontibus
1138 2960 1317 3026 indicandis
1331 2959 1602 3044 neglegentissimi

386 3071 470 3130 sunt:
502 3083 598 3146 quam
626 3065 734 3129 lacera
763 3085 839 3129 vero
870 3071 901 3129 et
928 3064 1062 3130 disiecta
1084 3071 1116 3129 et
1138 3065 1300 3148 epicorum
1324 3071 1355 3128 et
1376 3064 1549 3148 lyricorum
1572 3070 1603 3128 ct

386 3187 483 3248 quam
504 3167 642 3232 maxime
664 3165 952 3233 Alexandrinorum
973 3175 1142 3252 poetarum
1162 3167 1205 3232 ad
1223 3188 1281 3234 nos
1296 3167 1478 3252 pervenerit
1491 3167 1602 3233 notitia

386 3269 511 3336 facilius
534 3277 583 3335 est
603 3271 714 3354 lugere
736 3292 832 3354 quarn
854 3279 940 3337 recte
954 3273 1124 3357 pensitare.
1163 3271 1278 3354 quodsi
1292 3273 1476 3337 memoriam
1493 3291 1600 3337 eorum

385 3391 522 3455 quoque,
553 3373 667 3454 quodsi
692 3374 801 3440 iudicii
830 3381 862 3441 ct
883 3375 1056 3460 voluptatis
1079 3395 1120 3441 ex
1141 3375 1233 3461 poesi
1255 3381 1367 3460 captae
1389 3373 1599 3458 vicissitudes,

383 3475 600 3540 narrationum
629 3478 825 3560 poeticarum
832 3527 840 3564 ,
872 3499 952 3560 quas
981 3499 1038 3545 suo
1068 3478 1196 3544 nomine
1218 3479 1346 3564 mythos
1368 3499 1484 3544 vocare
1507 3477 1599 3543 debe-

382 3599 469 3664 mus,
501 3578 622 3644 iormas
655 3582 749 3647 modo
775 3582 835 3648 has
864 3582 960 3648 modo
991 3582 1064 3648 illas
1086 3583 1175 3666 vulgi
1196 3583 1457 3666 auribus'gratas
1479 3581 1599 3667 perspi-

384 3703 468 3767 cere,
495 3681 624 3748 tandcm
654 3684 781 3766 genium
810 3687 921 3771 populi
951 3687 1067 3752 Graeci
1096 3687 1157 3752 hac
1179 3706 1304 3768 quoque
1336 3693 1490 3772 exparte
1514 3691 1599 3750 recte

382 3805 575 3871 cognoscere
596 3787 757 3852 volumus:
786 3788 917 3873 quodsi,
947 3789 1092 3874 inquam,
1122 3810 1201 3884 opus
1225 3811 1245 3855 a
1266 3790 1453 3873 Welckem,
1483 3789 1598 3854 incom-

389 3922 644 3936 hn-——n--n———m-—u

471 4006 498 4074 1)
522 4005 606 4059 Velut
623 4003 795 4058 notissimum
812 4005 881 4060 11111
891 4009 1000 4074 βέβληκ’
1011 4005 1148 4078 Ἀχιλλεὺς
1166 4007 1218 4062 δύο
1232 4007 1307 4075 κύβω
1321 4011 1368 4061 καὶ
1380 4011 1515 4080 τέσσαρα,
1535 4006 1597 4070 alia,

383 4107 452 4160 quac
470 4091 506 4146 11
523 4091 663 4146 fabulosas
679 4091 783 4158 priores
801 4091 845 4144 vel
862 4093 1024 4160 posteriores
1041 4094 1174 4150 editiones
1193 4110 1254 4148 cum
1267 4094 1383 4148 aliarum
1395 4094 1597 4163 tragoediarum

381 4182 441 4232 ium
459 4177 573 4246 Telephi
590 4194 607 4230 a
624 4177 808 4246 grammaticis
826 4177 1011 4234 divinantibus
1029 4181 1116 4235 relata
1134 4184 1206 4235 sunt.
1245 4181 1298 4236 huc
1315 4180 1461 4236 revocandi
1472 4181 1599 4234 videntur

381 4280 475 4318 versus
495 4263 540 4318 Ar.
554 4265 621 4317 Rau.
641 4265 796 4330 1309-13,
817 4264 962 4318 secundum
981 4266 1155 4321 scholiastum
1174 4283 1205 4320 ex
1222 4267 1367 4338 Iphigenia
1378 4267 1523 4320 Aulidensi
1534 4269 1599 4320 11111

382 4350 501 4406 nondum
517 4350 625 4418 scripta.
662 4366 725 4403 nam
750 4349 797 4418 qui
814 4351 975 4420 Berglerum
1000 4352 1086 4406 secuti
1114 4353 1148 4406 11
1164 4353 1223 4422 Iph.
1243 4353 1323 4408 Taur.
1344 4353 1411 4408 1089
1428 4354 1495 4407 haec
1512 4356 1598 4407 rettu-

381 4437 484 4500 leruut,
513 4451 568 4489 non
596 4439 755 4506 reputarunt
785 4435 855 4491 hanc
889 4439 1053 4492 cantilenam
1078 4455 1132 4491 non
1162 4439 1196 4492 ad
1224 4442 1373 4508 exemplum
1395 4439 1536 4508 Euripidis
1564 4439 1598 4492 ab

381 4523 561 4592 Aristophane
579 4523 710 4591 confingi,
729 4523 777 4578 sed
795 4540 827 4578 ex
843 4525 940 4592 pannis
959 4524 1106 4578 carminum
1124 4524 1331 4594 Euripideoruur
1349 4527 1451 4580 consui.
