3594 5292
842 475 864 533 Ι.
883 477 909 532 2.
1465 473 1482 530 s

268 674 361 738 quem
383 654 416 720 in
438 653 559 719 Latinis
582 653 685 738 poetis
708 673 749 719 ex
770 654 922 719 Italorum
941 653 1129 740 coniecturis
1145 653 1301 738 capimus,
1326 658 1381 718 aut
1397 653 1482 719 inter

268 759 408 825 Graecos
437 757 585 824 Musurus
613 759 647 823 in
675 757 836 843 Hesychio
864 758 1006 842 praebet.
1044 758 1105 822 Vix
1132 777 1211 844 opus
1239 763 1289 824 ost
1310 775 1481 841 exponere,

268 882 349 946 quae
378 863 468 946 leges
497 863 703 945 recensionis,
737 861 831 927 modo
858 861 938 928 haee
963 882 1043 928 vera
1062 862 1137 946 sint,
1168 862 1350 928 necessario
1372 881 1480 927 conse·

267 972 411 1050 quantur.
455 972 491 1031 ut
511 967 634 1032 mittam
658 965 772 1051 prioris
792 965 911 1032 ordinis
932 965 1074 1051 fabulas,
1103 986 1184 1049 quas
1205 986 1289 1046 nuno
1310 971 1374 1031 non'
1395 965 1480 1050 curo,

266 1071 299 1136 in
325 1069 460 1136 Bacchis
482 1070 685 1136 recensendis
706 1069 785 1135 nihil
807 1077 961 1136 mutatum
984 1078 1046 1156 est,
1074 1071 1136 1136 nisi
1159 1070 1245 1152 quod
1266 1069 1480 1136 Laurentiano

266 1175 374 1260 paullo
394 1173 466 1260 plus
488 1174 564 1240 fidei
581 1173 781 1260 habebimus,
804 1176 836 1240 in
858 1175 958 1241 tribus
981 1195 1060 1259 quas
1084 1174 1109 1241 Ο
1131 1176 1216 1242 solus
1236 1175 1370 1260 praebet
1391 1173 1480 1240 fabu-

265 1281 306 1346 lis
339 1280 395 1345 via
427 1299 490 1346 non
520 1285 697 1346 monstrata
722 1286 772 1346 est
803 1279 882 1364 alia,
917 1280 975 1346 sed
1005 1280 1156 1346 abstersis
1184 1277 1481 1364 interpolationibus

266 1403 356 1468 vera,
386 1401 481 1466 quarn
504 1384 651 1450 novimus
672 1383 831 1469 obrutam,
862 1391 975 1469 aperta
997 1391 1053 1451 est.
1099 1391 1133 1450 at
1155 1384 1188 1450 in
1211 1403 1269 1450 sex
1290 1382 1422 1465 reliquis
1444 1379 1480 1446 id

155 1514 159 1519 ·
266 1487 426 1572 agendum
460 1493 521 1572 est,
555 1493 591 1553 ut
619 1507 660 1553 ex
693 1494 867 1573 conparata
897 1488 1153 1574 apographorum
1182 1488 1317 1554 lectione
1342 1486 1479 1572 primurn

265 1593 369 1677 ipsum
394 1597 425 1656 tl)
448 1590 563 1657 deinde
587 1613 612 1678 φ
635 1611 776 1676 quoque,
800 1590 992 1675 quodbona
1011 1599 1043 1659 et
1064 1593 1203 1676 genuina
1220 1592 1376 1677 praebere
1392 1595 1479 1656 certe

265 1701 386 1781 potest,
409 1697 607 1780 restituatur,
630 1695 870 1762 fundamentum
891 1697 994 1763 iustae
1016 1697 1210 1763 recensionis
1232 1696 1367 1762 unicum.

352 1799 448 1866 Haud
476 1801 587 1883 ignoro
618 1807 651 1866 et
676 1801 897 1867 brevissimum
924 1809 957 1866 et
982 1801 1180 1886 aptissimum
1209 1799 1348 1866 futurum
1369 1797 1477 1879 fuisse,

267 1904 295 1970 si
325 1923 365 1970 ca
398 1923 480 1987 quae
512 1903 606 1970 modo
635 1905 728 1988 posui
757 1905 830 1989 ipsa
858 1905 1037 1971 fabularum
1066 1905 1251 1970 recensione
1281 1903 1477 1987 probassem.

266 2014 300 2072 at
319 2009 405 2074 vires
429 2027 520 2091 meas
542 2004 602 2073 hoo
625 2027 703 2074 onus
726 2009 819 2092 longe
840 2010 1027 2094 superabat,
1058 2003 1206 2092 quoniam
1227 2009 1260 2073 in
1283 2005 1477 2074 recensendo

266 2112 454 2196 subsistere,
476 2112 622 2178 manibus
645 2113 686 2178 ab
708 2114 793 2178 omni
808 2113 1029 2180 emendatione
1051 2114 1162 2198 procul
1176 2113 1309 2196 habitis,
1331 2131 1391 2176 neo
1405 2119 1478 2195 pos·

266 2235 373 2282 sumus
403 2237 462 2282 neo
493 2216 655 2283 debemus.
699 2217 806 2300 itaque
837 2220 976 2304 exempli
1001 2220 1106 2303 gratia
1125 2218 1293 2303 Supplices
1316 2224 1349 2282 et
1371 2233 1479 2282 reeen-

265 2339 336 2386 sere
357 2327 389 2387 et
410 2328 446 2386 ut
466 2323 555 2406 potui
577 2321 745 2388 emendate
766 2322 947 2390 describere
970 2329 1100 2389 conatus
1116 2343 1201 2406 sum,
1225 2320 1407 2403 ceteroquin
1423 2319 1479 2384 via

265 2430 298 2490 et
319 2426 452 2509 pulvere
475 2432 508 2491 et
529 2427 635 2492 taedio
657 2427 753 2510 plena
774 2427 955 2493 incedenda
977 2434 1063 2510 erat,
1092 2447 1188 2510 qnam
1210 2427 1238 2492 si
1260 2426 1331 2508 quis
1353 2443 1478 2490 meeum

263 2527 389 2612 ingredi
409 2530 558 2614 voluerit,
582 2529 661 2594 nolit
682 2536 852 2615 expectare
859 2581 867 2614 ,
891 2531 1007 2596 criticis
1030 2529 1313 2596 observatiunculis
1335 2534 1390 2592 aut
1405 2547 1477 2593 con-

262 2633 393 2698 iecturis
424 2640 479 2698 aut
512 2633 693 2700 criticorum
727 2653 860 2700 censura
892 2642 947 2700 aut
985 2636 1057 2702 aliis
1089 2635 1281 2717 quibuslibet
1308 2631 1477 2698 inlecebris

265 2737 385 2821 taedia,
410 2757 492 2820 quae
515 2739 613 2804 variis
632 2739 819 2805 lectionibus
844 2741 1030 2824 constipatis
1049 2745 1219 2824 parantur,
1242 2737 1403 2804 conditum
1420 2736 1477 2802 iri:

264 2841 354 2908 nefas
381 2841 458 2908 duni
489 2844 545 2908 ulli
568 2844 623 2908 alii
645 2844 692 2909 rei
714 2843 843 2910 studere
866 2852 961 2928 atque
983 2843 1211 2930 perspicuitati.
1257 2849 1291 2908 at
1312 2862 1395 2925 quac
1416 2840 1479 2907 huc

262 2946 404 3012 iacerent
426 2947 570 3014 omittere
590 2955 676 3014 certe
699 2949 792 3014 nolui.

854 3151 872 3206 2

352 3259 468 3327 Ordior
496 3281 516 3326 a
544 3260 677 3347 sabulis,
704 3283 784 3344 quas
814 3269 846 3328 et
869 3263 894 3329 Ο
917 3269 949 3328 et
971 3266 997 3328 P
1020 3284 1059 3328 ex
1086 3267 1116 3325 tl)
1138 3268 1347 3348 sumpserunt.
1392 3260 1478 3345 quod

263 3371 299 3430 ut
329 3365 459 3462 probari
480 3366 582 3450 possit
604 3372 732 3433 cunctos
754 3367 841 3434 locos
864 3387 1043 3452 conponere
1066 3374 1097 3433 et
1120 3369 1302 3433 examinare
1325 3367 1478 3432 debemus

263 3469 317 3534 ubi
340 3468 365 3534 O
389 3475 422 3534 et
442 3469 469 3534 P
492 3469 621 3536 diversa
643 3470 800 3538 exhibent.
846 3471 932 3555 qnod
953 3471 1047 3538 facile
1069 3471 1151 3538 soret
1169 3472 1277 3558 (pauci
1292 3472 1376 3538 enim
1391 3467 1477 3555 sunt)

264 3573 292 3638 si
319 3572 471 3638 lectiones
500 3573 645 3639 codicum
675 3575 753 3642 satis
783 3583 878 3642 notae
905 3582 1021 3643 essent.
1066 3596 1148 3642 nuno
1178 3596 1254 3642 vero
1284 3575 1477 3642 fanere‘non

263 3681 421 3760 poteram,
456 3677 531 3759 quin
566 3685 740 3762 conparata
769 3681 956 3746 Kirchhoffii
986 3681 1190 3746 adnotatione
1224 3701 1296 3746 oum
1324 3681 1371 3746 eis
1394 3698 1476 3762 quae

262 3780 333 3864 ipse
367 3800 407 3845 ex
437 3780 597 3848 codicibus
624 3780 804 3850 enotassem
831 3786 967 3870 primurn
996 3805 1106 3866 omnes
1132 3786 1219 3852 locos
1249 3803 1476 3866 enumerarem,

263 3884 318 3966 qui
347 3884 491 3952 diversas
517 3887 669 3978 lectiones
692 3909 751 3973 per
779 3909 919 3956 errorem
941 3891 1136 3956 oculatorum
1158 3890 1365 3975 praeberent,
1395 3887 1475 3974 (qui-

263 3987 322 4053 hus
345 3989 431 4072 quod
452 3990 504 4056 hio
526 3991 590 4057 illic
612 3993 788 4078 interposui
811 3995 838 4062 si
861 3995 988 4078 quando
1011 3995 1175 4078 utriusque
1197 3995 1349 4060 lectiones
1365 3993 1476 4058 rectio-

263 4111 315 4158 res
348 4094 490 4178 proferre
517 4103 674 4182 poteram,
707 4099 865 4164 neminem
891 4100 969 4164 mihi
1002 4119 1227 4166 succensurum
1260 4118 1333 4165 esse
1366 4095 1476 4183 spero)

262 4197 402 4264 secundo
424 4199 493 4265 loco
517 4202 623 4267 omnia
644 4205 794 4288 conposui
817 4204 913 4269 etiam
936 4211 1026 4289 nota,
1050 4226 1090 4271 ex
1106 4205 1219 4288 quibus
1234 4203 1351 4288 duplici
1367 4202 1475 4268 arche-

262 4301 332 4386 typi
371 4301 506 4370 leotione
544 4305 758 4392 discrepantia
789 4328 871 4390 quae
904 4295 1073 4405 videbatur
1106 4308 1249 4376 codicum
1283 4309 1371 4374 nulla
1403 4327 1475 4374 esse
1537 4327 1542 4346 ¹

262 4406 474 4492 cognoscitur,
498 4408 635 4493 denique
657 4430 697 4476 ea
719 4417 883 4496 secuntur,
906 4433 989 4497 quae
1012 4435 1047 4480 re
1068 4434 1147 4482 vera
1170 4413 1299 4480 diversa
1319 4412 1476 4497 adparent
1527 4502 1531 4509 Ι

261 4509 314 4575 vel
353 4510 430 4575 mihi
464 4512 691 4597 adparuerunt,
730 4537 805 4581 nam
839 4515 1056 4600 diligentiores
1089 4517 1226 4584 fortasse
1259 4517 1346 4582 haud
1379 4535 1475 4580 unum

260 4613 365 4679 locum
388 4635 428 4680 ex
450 4618 545 4684 tertia
557 4617 590 4685 in
606 4619 777 4686 secundam
792 4622 968 4706 primamne
984 4623 1120 4689 classem
1136 4623 1336 4706 relegabunt3
1360 4639 1475 4706 agmen
