3594 5292
808 383 834 462 1.'
849 410 873 464 5.
944 425 963 436 -
1410 407 1444 464 eo

232 580 343 646 551508
378 578 487 648 ἀνόνητ’
506 580 581 653 ὅμως
599 580 628 635 C.
647 581 730 650 Viet.)
742 583 785 636 W.
822 587 847 634 Γ
860 597 907 650 per
925 595 1041 637 errorem
1060 597 1190 650 personae
1208 584 1300 637 notam
1318 584 1381 636 aute
1395 582 1445 638 501

373 667 456 734 ponit.
476 667 620 737 aliquando
639 667 704 736 quin
722 668 879 736 5555555555
902 668 988 735 fontis
1007 669 1099 723 sordes
1118 685 1319 723 commemorem
1344 671 1447 737 tempe·

373 770 434 807 rare
453 771 506 807 non
525 771 643 822 possum.

287 840 338 894 536
374 841 453 893 δυεῖν
471 840 500 894 O.
537 842 619 896 δυοῖν
638 840 673 894 02
691 843 723 894 ut
740 855 852 909 semper.

374 924 518 1053 caperer?
533 931 594 986 ἴσος
609 927 639 981 G.
652 927 722 981 Vict.
747 927 782 980 H.
791 928 834 982 W.
859 927 958 982 decocr'
975 929 1065 999 legere
1076 932 1169 997 potest
1185 929 1232 1000 qui
1249 930 1341 998 legere
1353 929 1447 983 nescit.

377 1025 387 1052 ι

287 1067 338 1121 538
374 1067 424 1121 οὐκ
442 1066 472 1120 C.
508 1067 542 1121 H.
555 1067 597 1122 W.
633 1083 694 1122 cum
712 1069 785 1136 55555
803 1067 891 1122 iecere
909 1068 1058 1123 Victoriam
1076 1084 1135 1122 cum
1153 1084 1277 1137 perverso
1300 1075 1322 1120 Γ
1336 1085 1448 1124 555555-

375 1156 485 1208 taneum
503 1157 553 1208 est.
1356 1159 1357 1162 ’

289 1241 340 1294 542
374 1243 421 1293 καὶ
444 1240 555 1312 inprecor
573 1239 602 1292 C.
639 1239 773 1317 κᾶκρεκον
789 1241 820 1294 C.
855 1243 897 1297 W.
1008 1297 1011 1304 ,

412 1339 434 1366 Ol

289 1380 340 1435 543
378 1381 426 1452 ἔχη
446 1379 494 1434 CF.
515 1376 549 1435 Η.

278 1468 340 1535 (546
375 1465 467 1536 λαβών
486 1467 529 1537 C.)

289 1553 341 1610 560
375 1552 457 1620 ἥλικα
476 1552 506 1609 C.
543 1551 613 1620 ἥλικ’
633 1553 676 1610 0⁹.
712 1555 754 1610 W.

289 1640 342 1698 568
378 1641 498 1714 δέδορκα
518 1639 548 1695 C.
584 1641 618 1695 Η.
630 1641 672 1694 W.

289 1728 342 1782 510
376 1728 470 1802 γεραιὲ
489 1725 658 1782 ἀνέλπιστον
676 1728 706 1783 C.
742 1729 784 1783 W.

448 1824 533 1927 ελπυὲ
550 1867 579 1920 0.
617 1865 688 1936 quod
708 1883 762 1921 non
780 1866 922 1936 perspicio.
954 1866 1036 1926 εἶπας
1055 1869 1162 1921 tantum
1181 1872 1209 1920 Γ.

293 1955 344 2010 514
378 1953 451 2026 μετὰ
471 1952 587 2027 ᾑμάχθη
606 1953 636 2008 (l.
671 1953 732 2026 μετ’
751 1951 776 2020 ἡ.
795 1951 836 2008 0².
874 1953 915 2008 W.

290 2042 342 2096 516
378 2041 495 2110 Heysius
513 2043 606 2094 notam
625 2040 702 2095 desse
721 2040 790 2094 falso
807 2043 937 2107 testatur,
956 2040 1081 2110 neglecta
1098 2040 1206 2095 lineola.

290 2128 343 2184 580
378 2127 508 2182 οὐδέποτ’
526 2129 608 2188 ἔδοξα
628 2129 658 2182 σὲ
676 2130 708 2181 55
722 2126 829 2182 videtur
848 2125 876 2181 C.
914 2126 1045 2181 οὐδέποτ’
1057 2125 1166 2190 ἐδόξυθ
1183 2127 1234 2183 555
1246 2130 1356 2183 accentu
1369 2127 1434 2184 Cil'.

281 2215 343 2282 (582
379 2214 405 2267 δ’
424 2213 596 2286 ἀσπάσωμαι
615 2212 657 2284 C.)

291 2300 343 2357 583
380 2305 447 2354 ΗΛ.
468 2299 575 2354 addidit
591 2301 660 2355 Vict.
679 2300 788 2371 ignorat
804 2300 893 2355 codex.

378 2391 559 2443 πέποιθα...
574 2385 629 2462 χρὴ
650 2386 670 2442 6
697 2388 825 2442 extiterat
842 2386 951 2456 longius
969 2386 1096 2456 quiddam
1114 2403 1195 2456 quam
1214 2387 1240 2441 δ’
1259 2386 1277 2456 ἤ
1296 2387 1367 2457 quod
1385 2404 1401 2442 a
1418 2386 1453 2442 0¹

379 2473 527 2544 profectum
547 2477 655 2530 secutus
673 2477 716 2530 est
734 2480 763 2530 Γ.

293 2616 344 2670 589
380 2574 444 2684 ipis
463 2614 529 2674 θεὸς
544 2611 598 2668 (ΕΓ,
629 2615 663 2668 H.
694 2614 828 2683 duplicem
840 2615 925 2684 igitur
937 2613 1066 2670 habemus
1085 2613 1239 2681 lectionem,
1261 2629 1374 2684 querum
1386 2615 1454 2670 alt-

380 2718 438 2756 ram
455 2703 609 2756 coniectura
628 2701 773 2756 adsecutus
793 2703 836 2756 eet
852 2701 993 2756 Matthiae.

293 2789 344 2845 593
380 2787 457 2848 λιτὰς
475 2793 515 2848 εἰς
533 2788 614 2848 θεούς
633 2787 704 2842 Vict.
723 2787 753 2842 C.
790 2786 855 2849 τούς
872 2788 1021 2857 interpolat
1039 2804 1060 2842 c.
1098 2788 1139 2842 W.

293 2877 345 2932 600
380 2879 486 2944 μητέρα
503 2894 533 2929 τε
551 2872 685 2928 κοινωνὸν
703 2873 826 2930 ἀνοσίων
845 2874 954 2946 γάμων.
979 2873 1008 2930 C.
1027 2875 1097 2930 Vict.
1134 2874 1179 2928 hic
1196 2891 1302 2945 quoque
1319 2891 1411 2930 veteru
1424 2891 1456 2930 ex

380 2960 592 3030 Byzantinorum
617 2977 728 3016 numero
751 2965 794 3016 est
824 2962 870 3032 qui
896 2960 996 3016 iniuria
1022 2961 1199 3030 corriguntur.
1243 2978 1306 3016 nam
1330 2959 1455 3018 Orestam

380 3063 428 3115 per
450 3050 537 3102 totum
560 3047 682 3102 fabulam
704 3049 800 3102 matris
823 3047 931 3102 caedem
947 3050 1103 3103 horrentem
1120 3048 1225 3102 inducit
1247 3048 1404 3117 Euripides,
1425 3051 1458 3102 ut

381 3132 501 3202 profecte
531 3137 588 3188 tam
613 3134 714 3188 nudam
736 3133 861 3203 paricidii
886 3135 1051 3190 mentionem
1075 3134 1163 3190 iacere
1186 3151 1240 3189 nou
1264 3134 1391 3203 potuerit.
1428 3137 1458 3189 at

382 3223 578 3274 consueverunt
600 3221 723 3290 plerique
746 3221 869 3276 Electrae
892 3220 1014 3274 fabulam
1037 3224 1175 3290 tamquam
1204 3220 1348 3276 absurdam
1367 3222 1457 3290 despi-

381 3323 452 3373 cere,
470 3306 594 3375 Euripidi
612 3307 784 3362 muledieere:
806 3308 906 3362 rectius
923 3307 1036 3372 facturi,
1055 3307 1079 3360 si
1098 3310 1179 3377 poeta
1196 3307 1278 3362 verba
1295 3307 1457 3378 intellegere

383 3396 411 3447 et
428 3392 570 3448 emendare
588 3393 746 3448 foedissima
762 3393 830 3448 vitia
848 3394 991 3449 voluerint.

295 3480 346 3535 603
382 3482 560 3576 ξυγγένωμαι
578 3479 609 3534 C.
629 3481 664 3534 H.

399 3574 413 3605 'l

414 3575 427 3606 0

295 3620 344 3675 601
381 3624 459 3687 κοινῆ
478 3619 499 3673 C
519 3619 590 3689 quod
609 3635 664 3673 non
680 3619 823 3690 intellego,
843 3621 935 3675 omisit
955 3627 983 3676 Γ.
1020 3621 1053 3674 Η.
1067 3621 1109 3675 W.

297 3705 348 3760 625
384 3721 467 3775 supra
486 3706 591 3777 ἔροτινε
615 3705 711 3778 ἑορτὴν
729 3709 857 3766 51ολικῶς
874 3706 903 3762 C.

299 3792 351 3847 630
387 3791 463 3847 deest
480 3809 611 3862 personae
629 3794 701 3847 nota.

300 3878 350 3932 631
388 3881 418 3931 oi'
437 3882 470 3932 σέ
485 3883 512 3949 γ’
530 3879 588 3933 οὖν’
609 3878 637 3933 C.
656 3879 759 3933 Pierso.
805 3879 876 3948 quod
895 3877 929 3934 02
947 3879 1075 3949 quoniam
1091 3878 1204 3935 Orestae
1222 3895 1328 3934 versum
1347 3877 1461 3933 credidit

383 3965 474 4034 pulcre
499 3965 653 4020 emendavit
676 3962 723 4024 οὓς
749 3966 789 4036 ἔν’
813 3966 870 4018 οὐκ.
908 3981 988 4036 quam
1013 3966 1249 4034 interpolationem
1268 3969 1301 4031 Γ,
1329 3964 1460 4032 integrior

385 4051 460 4114 fons,
480 4053 626 4122 tranquille
645 4050 796 4121 descripsit.

287 4139 349 4206 (632
385 4136 453 4211 ἡμῖν
471 4139 506 4192 ἂν
524 4138 565 4208 C.)

297 4224 348 4280 633
385 4225 493 4280 δούλων
511 4225 641 4294 5555550
659 4226 793 4280 habuisse.
831 4224 865 4279 02
883 4229 968 4286 λέξων
986 4225 1063 4291 lecit,
1083 4240 1196 4294 quocum
1212 4225 1279 4280 facit
1298 4230 1326 4280 Γ.
1362 4225 1461 4278 delimo

384 4315 416 4367 nt
434 4311 540 4367 videtur
559 4329 580 4366 c.
618 4329 659 4365 me
685 4312 773 4366 iudice
793 4313 891 4366 δειλῶν
909 4315 981 4366 recte
1000 4312 1047 4366 ille
1065 4328 1097 4365 er
1115 4314 1239 4380 conupta
1255 4314 1285 4366 at
1302 4327 1357 4364 nou
1376 4311 1460 4364 iuter·

383 4399 476 4468 polata
492 4400 625 4468 scriptura
644 4398 678 4453 0ὓ
695 4400 840 4454 coniecisse
857 4397 973 4452 videtur.
1010 4415 1073 4452 uam
1092 4397 1200 4452 δούλων
1219 4397 1300 4452 valde
1320 4399 1459 4452 incertum.

384 4486 598 4541 dormitaverunt
616 4483 735 4540 Victorio
755 4489 863 4554 excepto
882 4486 1040 4539 conlatores.

297 4572 349 4628 644
385 4577 487 4638 ξυνῆκα
506 4571 535 4626 C.
571 4576 661 4638 ξυνῆκ’
681 4572 715 4628 C’
734 4573 804 4628 vict.
841 4573 882 4626 W.

289 4675 730 4731 wilamowitz·m0ellendorff,
747 4677 859 4720 Analecta
872 4677 1004 4728 Euripides.
1222 4664 1240 4724 5
