3666 5296
711 389 842 444 Addenda
854 392 882 443 et
893 390 1058 459 corrigenda.
1440 393 1492 447 255

279 559 477 615 Brubaohiana.
492 560 501 628 Ι)
520 576 547 629 p.
559 561 618 616 102.
637 577 662 614 v.
676 562 735 616 521.
760 561 858 629 0011011
874 577 890 614 0
905 577 949 614 00
966 560 1069 614 amicus
1086 562 1118 614 ut
1135 576 1229 614 vorsus
1245 577 1262 614 a
1279 577 1322 615 me
1339 562 1413 615 recte
1430 577 1492 616 cou-

281 648 393 702 stitutos
425 647 594 716 explicarem.
645 646 824 702 difficiliorem
852 648 924 702 enim
952 663 1011 702 esso
1036 647 1198 702 senteutiam
1222 647 1321 703 indicio
1346 647 1493 717 Toupianis

280 734 361 804 nugis
392 733 513 789 adsueto.
562 733 628 788 dicit
658 737 748 788 autem
779 733 922 803 Euripides
950 737 978 788 et
1007 733 1142 788 Thebanis
1174 735 1202 788 et
1237 733 1346 802 Argivis
1377 749 1492 804 aequum

280 821 434 892 iustumque
461 821 622 890 contigisse,
651 821 714 894 11100
746 837 851 876 summa
880 839 940 876 oum
969 821 1057 890 gloria
1085 821 1193 886 vicisse,
1220 820 1270 876 hos
1299 837 1404 876 summa
1431 837 1491 876 cum

280 908 430 978 ignominia
459 907 594 962 cecidisse.
635 925 695 962 cum
719 911 809 962 autem
838 908 939 962 mortui
957 909 1060 972 essent,
1093 907 1121 962 in
1146 923 1223 962 suum
1249 907 1367 977 quidque
1387 909 1491 962 resolu-

279 999 338 1050 tum
362 1011 432 1072 ¹ease
465 996 627 1049 elementum
664 995 797 1064 (debebat
825 1002 968 1062 00000000
1003 995 1091 1049 dicere
1128 994 1176 1050 sed
1210 994 1244 1049 of.
1274 995 1376 1064 Haupt.
1399 995 1493 1049 Herm.

279 1081 316 1135 H.
336 1081 400 1150 223)
427 1081 545 1137 animam
569 1082 599 1135 in
621 1082 742 1145 aethera,
772 1097 867 1150 corpus
891 1081 921 1134 10
945 1083 1053 1136 tetram.
1096 1082 1189 1151 itaque
1214 1085 1303 1136 terrae
1328 1097 1407 1134 suum
1432 1097 1492 1135 esse

280 1168 477 1224 restituendum
484 1187 491 1229 3
515 1168 644 1222 nimirum
661 1169 750 1223 anima
771 1170 799 1222 10
821 1167 932 1222 aethera
954 1167 1073 1222 evolavit
1093 1167 1135 1235 (cf.
1158 1185 1185 1222 v.
1202 1169 1279 1222 1140.
1301 1170 1329 1222 01
1348 1184 1411 1236 pag.
1429 1169 1491 1236 163)

279 1271 376 1323 corpus
395 1257 469 1310 terra
487 1253 614 1328 (κόπρος)
633 1253 803 1320 factumest,
821 1254 868 1308 sed
885 1271 952 1323 opus
972 1258 1016 1308 est
1032 1255 1179 1323 sepultura.
1209 1255 1356 1318 sententia,
1375 1253 1491 1308 fortasse

278 1341 461 1411 Pythagorea,
485 1340 566 1396 hodie
590 1341 659 1394 mira
676 1339 763 1394 videri
780 1343 883 1408 potest,
907 1341 954 1394 sed
971 1340 1094 1410 Euripidi
1111 1340 1253 1396 familiaris
1271 1343 1320 1396 est.
1354 1340 1491 1411 Pythago-

277 1443 350 1482 ream
369 1429 461 1491 oredo,
487 1427 594 1482 etiamsi
612 1427 767 1496 Epicharmi
788 1443 882 1481 versus
906 1428 940 1496 (B
956 1429 984 1495 8)
1005 1432 1154 1496 συνεκρίθη
1175 1431 1223 1481 καὶ
1241 1428 1367 1501 διεκρίθη
1387 1427 1492 1494 adubi-

277 1521 330 1568 θεν
348 1513 417 1568 ὅθεν
434 1514 521 1581 ἦλθεν
539 1513 640 1579 πάλιν,
666 1519 704 1584 yoi
725 1515 778 1583 μὲν
795 1515 821 1573 ἐς
838 1517 910 1584 γᾶν,
935 1519 1047 1584 πνεῦμα
1066 1513 1090 1566 δ’
1112 1511 1182 1577 ἄνω,
1201 1519 1230 1566 τί
1245 1514 1336 1568 τῶνδε
1350 1514 1493 1582 pudendm

278 1599 343 1655 eddi
360 1600 390 1654 ἓν
408 1618 440 1655 ex
458 1602 550 1669 spurio
565 1601 683 1656 carmine
702 1601 838 1670 desumpti
857 1604 933 1668 sunt,
957 1599 1030 1670 quod
1047 1600 1114 1655 mihi
1132 1603 1234 1654 eertum
1251 1600 1366 1655 videtur.
1397 1600 1491 1671 quinto

278 1689 385 1742 saeculo
414 1688 460 1757 qui
482 1688 522 1742 ita
545 1689 651 1744 locutus
676 1688 713 1742 sit
737 1687 792 1743 seio
814 1689 950 1743 neminem
969 1692 1042 1757 (nam
1061 1689 1156 1756 postea
1174 1688 1337 1756 sepulcralia
1356 1688 1492 1757 epigram·

277 1779 351 1829 mata
373 1775 507 1829 similibus
531 1777 645 1842 0001001)
666 1777 774 1844 praeter
798 1777 935 1830 auctorem
960 1775 1092 1844 praeclari
1111 1775 1237 1829 carminis
1254 1775 1285 1829 0.
1303 1774 1325 1828 Ι.
1343 1775 1376 1828 A.
1394 1775 1492 1829 44210

279 1862 401 1930 sepulcro
430 1862 538 1931 publico
564 1862 771 1917 Atheniensium
798 1865 861 1917 ante
888 1863 1046 1932 Potidaeam
1074 1878 1212 1917 caesorum
1239 1861 1303 1916 olim
1329 1861 1401 1916 lecti.
1445 1861 1492 1916 sed

277 1948 370 2002 dubito
389 1966 424 2002 an
442 1949 500 2018 ipse
518 1949 660 2017 Euripides
679 1965 785 2003 carmen
804 1966 820 2002 a
841 1949 1034 2019 superstitione
1053 1948 1212 2004 Atheniensi
1232 1950 1328 2002 mirum
1341 1949 1370 2002 in
1382 1948 1491 2002 modum

276 2035 413 2090 diversum
430 2036 588 2091 condiderit.
625 2053 688 2090 nam
713 2037 783 2089 sicut
802 2035 952 2089 Simonides
976 2037 1004 2090 et
1020 2035 1068 2089 Ion
1091 2035 1132 2090 ita
1153 2035 1297 2103 Euripides
1314 2035 1492 2090 marmoribus

277 2122 392 2190 publicis
411 2123 608 2190 epigrammata
625 2122 747 2190 scripsit,
769 2123 849 2189 quale
866 2120 1077 2175 Atheniensibus
1096 2122 1129 2176 ad
1149 2121 1295 2191 Syracusas
1313 2121 1398 2176 caesis
1420 2121 1492 2190 apud

278 2207 454 2260 Plutarchum
472 2211 516 2260 est
534 2207 594 2264 Nic.
612 2207 790 2275 10110103.
818 2223 843 2260 v.
855 2209 906 2262 537
926 2204 1092 2277 κακούργων
1109 2208 1163 2277 leg.
1180 2214 1355 2280 κακουργεῖν.
1369 2207 1379 2277 ΙΙ
1392 2225 1418 2276 p.
1432 2210 1491 2264 128.

278 2309 303 2346 v.
315 2294 388 2347 1120
408 2297 464 2348 ΘΘ.
483 2293 537 2363 leg.
554 2297 613 2347 ΘΗ.
633 2291 642 2362 ΙΙ
659 2310 686 2362 p.
700 2294 760 2349 135.
789 2294 863 2347 0.19
884 2292 1023 2360 ereptam
1045 2293 1101 2362 leg.
1125 2293 1268 2363 excipiunt.
1282 2294 1292 2362 Ι)
1305 2310 1331 2362 p.
1345 2295 1405 2348 136.
1428 2311 1453 2348 0.
1467 2297 1492 2350 4.

279 2393 313 2433 ea
334 2378 384 2432 boc
408 2378 512 2433 delecta
534 2379 588 2448 leg.
613 2395 647 2433 00
666 2379 798 2446 copiare
815 2379 927 2436 01010010.
941 2379 951 2450 ΙΙ
964 2396 990 2448 p.
1004 2379 1064 2434 138.
1085 2380 1114 2433 10
1132 2379 1228 2450 figuris
1246 2381 1400 2434 litterarum
1418 2384 1492 2435 eate-

279 2483 329 2519 nus
353 2469 459 2521 tantum
477 2466 592 2536 imagini
608 2466 707 2536 lepidis
723 2466 854 2531 confidas,
872 2474 908 2536 ut¹
921 2467 990 2521 scias
1002 2470 1031 2521 et
1042 2467 1282 2536 neglegentissime
1294 2471 1322 2522 et
1333 2483 1428 2536 parum
1440 2469 1493 2522 sibi

167 2572 171 2580 ·
278 2553 346 2621 ipsis
365 2555 521 2608 constantes
539 2569 597 2608 esse
609 2553 768 2623 insculptas.
783 2554 792 2624 Ι)
806 2571 831 2622 p.
850 2554 909 2608 139.
931 2570 956 2608 v.
973 2554 998 2608 3.
1017 2555 1081 2608 ante
1092 2552 1216 2607 Iaoedera
1229 2553 1290 2608 add.
1308 2562 1351 2616 00..
1365 2553 1374 2624 Ι)
1391 2571 1417 2622 p.
1432 2556 1491 2610 140.

278 2656 303 2693 0.
320 2641 345 2694 6.
369 2639 418 2694 101.
442 2640 599 2710 incognitas
616 2641 670 2709 leg.
688 2640 838 2709 1000000110.
855 2640 865 2710 l
882 2657 908 2708 p.
924 2641 983 2695 147.
1010 2642 1085 2695 012
1109 2641 1163 2710 leg.
1188 2655 1259 2708 0000
1275 2641 1344 2695 scire
1362 2656 1432 2708 0000
1446 2657 1492 2695 00-

278 2728 354 2780 00100.
376 2726 385 2796 ΙΙ
406 2744 433 2796 p.
454 2727 513 2781 149.
540 2727 592 2780 del.
612 2728 673 2796 (Χ).
696 2728 704 2796 ll
726 2744 753 2796 p.
773 2727 835 2794 152,
855 2728 872 2782 8
896 2730 960 2796 0001
980 2726 1109 2780 0010010001
1132 2727 1185 2782 del.
1206 2727 1456 2796 interpunctionem.
1470 2729 1480 2798 ΙΙ

278 2831 304 2883 p.
322 2814 381 2868 154.
414 2831 441 2868 0.
459 2814 502 2869 36.
533 2814 615 2867 nimis
643 2813 761 2869 brevitor
789 2830 858 2883 quae
881 2814 980 2868 vellem
1002 2813 1163 2883 significavi.
1200 2814 1346 2868 seeundum
1370 2815 1491 2868 scholion

281 2900 361 2968 Soph.
380 2900 423 2954 Ai.
444 2901 512 2955 1297
531 2899 643 2954 0000000
656 2901 776 2970 Aeropae
794 2901 909 2969 virginis
922 2917 981 2954 cum
995 2916 1072 2954 servo
1085 2904 1209 2969 stuprum
1221 2901 1363 2954 continuit.
1394 2901 1490 2970 nequi·

278 3003 338 3040 mus
360 2987 445 3055 igitur
467 2987 589 3055 Aeropae
614 2986 691 3041 Atrei
712 2988 802 3041 uxoris
827 3003 886 3041 cum
912 2986 1030 3056 Thyesta
1055 2986 1219 3041 adulterium
1241 2987 1293 3041 buo
1316 2986 1424 3042 referre.
1461 3003 1492 3042 ac

277 3073 412 3126 consentit
436 3073 536 3127 titulus
563 3073 610 3142 qui
636 3071 687 3139 τὴν
713 3072 818 3140 σκηνὴν
844 3075 874 3126 io
896 3071 988 3149 Κρήτῃ
1014 3073 1188 3128 ὑποκεῖσθαι
1215 3072 1319 3128 suadet.
1365 3073 1493 3128 dissentit

278 3159 361 3212 schol.
385 3158 523 3228 Aristoph.
543 3159 624 3228 Vesp.
642 3161 694 3216 763
720 3159 797 3229 (fgm.
812 3161 875 3229 468)
899 3161 1038 3214 nominato
1061 3159 1158 3225 Atreo;
1186 3160 1234 3214 sed
1253 3177 1307 3214 non
1325 3158 1420 3214 dubito
1439 3158 1491 3214 Ca-

277 3248 365 3300 treum
389 3245 542 3300 restituere.
583 3245 665 3300 schol.
687 3247 802 3300 Acheru.
821 3247 873 3302 433
892 3247 1038 3316 Thyestem
1060 3247 1088 3301 in
1115 3247 1220 3302 Cressis
1243 3246 1383 3301 inductum
1406 3246 1492 3301 fuisse

277 3333 403 3386 testatur.
439 3331 527 3386 fuitne
546 3331 662 3392 ἐπακτὸς
686 3331 754 3408 ἀνήρ
772 3332 904 3403 Thyestes
923 3335 1042 3388 serviens
1061 3333 1178 3388 Catreo?
1213 3335 1330 3387 ceterum
1347 3333 1492 3402 Sophocles

277 3418 368 3471 Aiacis
393 3418 440 3472 illo
463 3419 522 3473 loco
540 3419 679 3488 Euripidis
697 3420 865 3489 tragoediam
883 3421 970 3489 ipsam
988 3421 1109 3490 respicit;
1129 3420 1242 3474 Cressae
1256 3420 1319 3487 438,
1336 3419 1404 3474 Aiax
1421 3420 1493 3476 10100

276 3505 443 3574 Antigonam
464 3506 537 3574 (441)
561 3507 589 3559 01
606 3504 739 3575 Oedipum
763 3508 813 3575 (00.
832 3507 897 3578 430)
922 3508 1017 3561 doctae
1035 3511 1105 3562 sunt.
1127 3507 1136 3575 l
1158 3525 1183 3575 p.
1203 3507 1261 3560 167.
1282 3505 1493 3560 3101101000

275 3591 331 3660 leg.
357 3591 455 3645 0001000.
478 3591 488 3661 Ι)
509 3609 535 3662 p.
550 3592 616 3659 168,
634 3593 689 3646 09
707 3609 766 3662 000.
787 3594 974 3663 0000000100.
993 3594 1134 3660 πεδηθείς.
1154 3593 1163 3661 Ι)
1186 3593 1245 3647 169.
1268 3593 1341 3647 018
1358 3592 1492 3646 Herculea

275 3677 329 3747 leg.
346 3677 488 3732 Herculea.
502 3679 511 3748 ΙΙ
524 3695 550 3746 p.
566 3679 627 3733 172.
642 3695 667 3732 0.
681 3681 699 3733 2
717 3679 765 3732 inf.
783 3678 882 3747 000050
900 3678 955 3746 leg.
974 3678 1093 3748 gerebat.
1108 3678 1157 3749 110.
1172 3680 1231 3734 176.
1253 3679 1286 3733 14
1303 3694 1375 3748 qaue
1391 3693 1426 3731 00
1437 3680 1491 3749 leg.

276 3781 309 3818 ea
326 3781 403 3834 quae.
418 3764 466 3834 ))0.
481 3765 539 3819 179.
563 3781 589 3817 0.
607 3766 633 3817 4.
652 3766 677 3819 3.
696 3764 745 3818 inf.
764 3765 818 3834 leg.
834 3769 952 3833 spectas,
972 3768 1001 3819 et
1016 3765 1138 3819 01001000.
1153 3766 1161 3835 ))
1175 3782 1201 3834 p.
1220 3766 1279 3820 181.
1305 3781 1330 3818 v.
1347 3766 1380 3819 19
1398 3770 1491 3820 oreos-

276 3851 391 3904 ermdem
422 3851 476 3920 leg.
500 3849 703 3904 transeundum.
726 3851 735 3920 Ι)
757 3851 856 3921 0185.
879 3850 939 3905 adn.
959 3853 983 3906 7.
1013 3851 1086 3906 chori
1107 3868 1201 3906 versus
1224 3854 1289 3906 ante
1315 3852 1493 3908 Heracliti

277 3935 446 3992 intetcidisse
464 3939 567 3991 eertum
586 3939 636 3990 est.
673 3939 703 3990 at
719 3953 813 3992 vereor
830 3954 863 3992 00
876 3939 1054 3993 erraverimus
1069 3939 1115 4009 qui
1127 3938 1261 3992 Macarius
1273 3954 1371 3992 nomen
1383 3939 1491 3993 omniuo

277 4022 311 4074 ab
336 4023 465 4092 Euripide
495 4026 733 4078 commemoratum
760 4023 929 4078 credidimus.
974 4041 1039 4078 nam
1067 4025 1191 4095 quamvis
1217 4024 1421 4080 Heraclidarum
1448 4041 1492 4079 res

277 4107 348 4161 inter
371 4110 444 4163 locos
468 4126 622 4165 communes
645 4111 784 4166 rhetorum
808 4114 884 4176 suut,
907 4111 1315 4179 1100001000001100000001,
1335 4129 1366 4166 ac
1383 4113 1427 4166 vel
1445 4113 1492 4181 qui

276 4194 361 4248 fontis
379 4198 545 4266 cognominis
561 4197 705 4253 meminere
723 4199 798 4253 velut
817 4197 914 4253 Strabo
932 4199 1008 4254 VlII.
1027 4200 1079 4254 377
1100 4216 1159 4254 eam
1177 4216 1230 4254 non
1244 4201 1402 4253 memorant.
1431 4198 1491 4252 lon·

275 4282 313 4336 tis
338 4285 430 4336 autem
455 4283 485 4337 10
499 4284 637 4353 Euripidis
666 4285 759 4339 fabula
781 4285 825 4340 vir
849 4284 922 4339 10010
944 4289 987 4340 001
1008 4287 1122 4354 mentio,
1150 4303 1210 4340 cum
1234 4286 1267 4340 de
1284 4285 1404 4354 episodio
1421 4302 1492 4339 nunc

277 4369 428 4438 intercepto
446 4369 511 4425 haec
528 4374 635 4426 tantum
654 4371 753 4428 habeat
769 4375 958 4442 argumentum
981 4372 1084 4441 ταύτην
1102 4375 1156 4447 μὲν
1173 4371 1224 4427 οὖν
1242 4372 1360 4443 εὐγενῶς
1379 4372 1493 4426 ἀποθα-

276 4461 382 4510 νοῦσαν
407 4457 548 4530 ἐτίμησαν.
595 4458 783 4514 antecedentia
810 4463 902 4515 autem
927 4460 1009 4515 verba
1033 4466 1088 4533 μία
1114 4464 1170 4514 τῶν
1191 4458 1356 4532 Ἡρακλέους
1371 4459 1491 4522 παίδων,

278 4547 432 4614 Μακαρία,
465 4543 514 4597 τὸν
540 4543 673 4602 θάνατον
699 4546 829 4608 ἑκουσίως
853 4546 963 4616 ὑπέστη
990 4545 1161 4617 grammatici
1186 4545 1400 4601 additamentum
1423 4543 1493 4598 illud
