3594 5292
907 423 929 479 Ι.
950 425 973 480 1.

381 599 446 684 'sapi
477 592 505 674 ς
537 599 597 662 τοῦ
627 595 817 685 δεκεμβρίου
849 597 948 686 μηνὸς
980 603 1038 688 τῆς
1068 595 1099 683 β’
1120 597 1182 668 iod.
1203 607 1260 667 τοῦ
1291 599 1394 694 ‘goul'
1421 598 1551 694 χάριτος

381 696 536 789 δοθείσης
557 697 679 788 elocuto
700 701 792 790 παρὰ
813 710 871 768 τοῦ
898 698 1074 770 θειοτάτου
1102 699 1204 770 πάπα
1233 700 1341 785 παῦς’
1367 705 1551 794 Κλήμεντος

380 804 536 890 γενέσθαι
563 800 730 889 βαθμούς·
762 799 799 895 ἦν
827 805 863 873 δὲ
882 805 984 896 ἡμέρα
1007 806 1188 893 σάββατον·
1218 805 1551 897 ipercatalectici

380 915 437 978 τοῦ
458 904 593 996 Βάβρας
622 908 808 977 ἐπισκόπου
834 910 868 976 ἐν
898 915 945 999 τῷ
972 909 1145 999 παρθευίῳ
1167 919 1226 1001 τῆς
1248 909 1343 998 ἁγίας
1365 911 1551 1002 Καθερίυης

380 1015 426 1100 τῷ
447 1005 683 1098 ιέυ)κ1βιυιιῦιιιυι
705 1020 745 1104 τῇ
767 1015 803 1082 δὲ
826 1011 850 1096 ζ
873 1022 930 1082 τοῦ
953 1009 1052 1083 αὐτοῦ
1066 1015 1166 1104 μηνὸς
1181 1014 1283 1106 ἡμέρᾳ
1299 1025 1432 1107 κυριακῇ
1449 1041 1551 1100 κεχει-

381 1111 553 1205 ροτόυημαι
583 1115 769 1198 ἐπίσκοπος
798 1117 831 1184 ἒν
862 1125 909 1208 τῷ
932 1127 1001 1208 ναῷ
1024 1125 1088 1187 τῶν
1109 1117 1381 1208 πραιόικατώρωυ
1403 1119 1470 1190 ὑπὸ
1493 1125 1551 1188 τοῦ

380 1216 585 1309 ὑψηλοτάτου
604 1219 809 1309 καρδιυαλίου
830 1230 887 1290 τοῦ
907 1221 1145 1312 Ἑβραὸουτῆς]ι

338 1347 397 1392 nec
418 1327 520 1392 solum
541 1327 685 1411 possedit
700 1327 840 1414 Symeon
854 1330 1118 1414 pretiosissimum
1133 1332 1264 1416 librum,
1287 1351 1394 1396 raram
1409 1333 1551 1416 profecto

339 1451 376 1496 eo
407 1437 548 1515 tempore
578 1431 660 1496 inter
688 1432 842 1500 barbaros
873 1453 981 1518 avem,
1014 1434 1073 1500 sed
1102 1435 1180 1518 legit
1211 1437 1306 1501 etiam
1328 1441 1453 1501 etcum
1476 1435 1552 1501 alibi

338 1540 404 1600 tum
426 1535 460 1600 in
481 1534 606 1600 Helena
627 1537 753 1603 notulas
776 1538 912 1621 margini
934 1537 1110 1624 adspersit,
1134 1540 1244 1622 quales
1268 1540 1308 1604 ab
1332 1539 1441 1606 otiosis
1456 1540 1550 1605 lecto·

337 1639 425 1704 ribus
446 1639 735 1724 profrmdisolent3
761 1661 836 1706 nam
857 1641 1021 1708 distortam
1049 1649 1081 1708 et
1107 1643 1301 1709 diffluentem
1327 1644 1396 1709 eius
1423 1663 1551 1708 manum

337 1743 431 1809 facile
454 1743 637 1828 adgnoscis,
658 1751 730 1810 cum
752 1746 895 1830 agnosti,
918 1747 1051 1831 spernis.

449 1845 593 1924 Quonam
621 1847 706 1916 felici
733 1869 810 1916 casu
832 1849 1000 1934 acciderit,
1028 1856 1063 1916 ut
1082 1871 1122 1916 ex
1144 1851 1307 1918 Avinionis
1331 1853 1425 1918 exilio
1449 1852 1550 1918 codex

338 1951 371 2015 in
393 1951 529 2018 civitatis
545 1953 747 2019 Florentinae
769 1954 890 2038 sinum,
914 1954 1089 2020 litterarum
1106 1955 1300 2022 Graecarum
1322 1977 1397 2022 vere
1412 1957 1550 2040 patriam
1579 2035 1580 2040 ἵ

233 2061 236 2066 “
342 2055 467 2122 delatus
490 2057 544 2140 sit,
568 2075 629 2140 ego
652 2056 870 2124 demonstrare
890 2078 1029 2140 nequeo:
1054 2058 1313 2126 demonstrabunt
1336 2061 1411 2126 olim
1434 2059 1550 2126 doctio

340 2158 435 2242 res.⁹)
480 2166 513 2226 at
538 2159 637 2226 fuisse
667 2181 740 2226 eum
761 2161 941 2227 Florentiae
967 2163 1094 2228 saeculo
1117 2164 1193 2228 XIV
1212 2164 1254 2228 ad
1276 2164 1370 2230 finem
1389 2169 1550 2247 vergente,

340 2264 546 2348 apographon
569 2264 662 2330 docet
683 2265 738 2331 illo
761 2271 904 2350 tempore
925 2267 958 2330 in
973 2267 1188 2351 elegantibus,
1212 2287 1291 2350 quas
1306 2268 1400 2333 facile
1417 2289 1437 2333 a
1452 2266 1550 2334 sordi-

340 2367 480 2434 dioribus
514 2367 646 2434 Graecis
677 2369 908 2454 dignoscimus,
940 2371 1131 2436 Florentinis
1163 2373 1355 2437 membranis
1389 2373 1550 2456 scriptum,

339 2470 440 2538 codex
471 2473 525 2555 qui
553 2473 585 2536 in
615 2473 752 2538 abbatia
783 2474 967 2539 Florentino
995 2475 1131 2558 primum
1161 2483 1179 2540 9
1211 2474 1326 2541 deinde
1350 2483 1390 2540 18
1415 2475 1551 2557 denique

341 2584 425 2642 2664
456 2577 599 2660 signatus
630 2582 712 2661 erat,
742 2597 825 2642 nunc
847 2578 880 2642 in
902 2578 1118 2644 Laurentiano
1142 2587 1179 2644 17
1186 2585 1203 2640 2
1233 2580 1330 2646 audit.
1376 2600 1417 2644 ex
1446 2579 1550 2645 forma

186 2685 188 2692 '
235 2753 239 2760 ⁸
339 2687 371 2746 et
404 2681 516 2746 litteris
545 2681 599 2746 vix
629 2687 694 2746 tam
721 2687 861 2748 veterem
891 2681 974 2746 huno
1004 2683 1118 2748 librum
1147 2683 1355 2768 iudicaveris,
1391 2703 1486 2766 quam
1517 2703 1551 2748 re

338 2805 417 2852 vera
439 2784 650 2852 demonstrari
671 2791 785 2868 potest.
829 2786 944 2851 librum
965 2806 1082 2851 nonum
1105 2788 1187 2852 inter
1206 2789 1325 2872 primos
1341 2787 1550 2854 bibliothecae

338 2888 437 2954 fuisse
466 2908 526 2973 par
551 2894 616 2971 est;
648 2908 730 2970 quae
753 2908 835 2953 anno
860 2895 943 2952 1424
965 2889 1101 2973 probata
1124 2897 1181 2956 est.
1226 2912 1285 2956 nec
1308 2898 1414 2957 tamen
1434 2893 1467 2956 in
1482 2890 1550 2955 eius

339 3012 431 3058 usum
458 2993 593 3076 scriptus
625 2999 689 3069 est,
726 3011 797 3056 cum
826 2992 910 3058 enim
941 2993 973 3057 ei
997 2993 1178 3078 inferretur,
1212 3015 1275 3060 non
1297 2996 1401 3062 miuus
1423 2994 1550 3060 mutilus

340 3103 424 3180 erat,
454 3116 549 3178 quam
569 3095 682 3162 hodie.
731 3096 869 3161 conduct
896 3095 1138 3163 Heraclidarum
1165 3098 1259 3172 exodi
1288 3119 1406 3183 paucos
1429 3116 1549 3180 versus,

340 3200 495 3266 Helenam
517 3200 686 3266 Herculem
708 3199 867 3265 Electram
898 3219 969 3264 oum
995 3200 1156 3286 Euripidis
1188 3203 1417 3288 Sophoclisque
1447 3199 1550 3266 triade

341 3297 518 3388 Byzantina
547 3310 579 3368 et
608 3303 785 3387 Antigonae
815 3304 925 3388 paucis
954 3305 1108 3372 versibus.
1159 3308 1276 3372 contuli
1303 3314 1368 3372 tres
1390 3304 1551 3388 Euripidis

340 3409 465 3474 fabulas
492 3408 524 3473 in
554 3407 667 3490 quibus
697 3408 903 3493 apographon
933 3408 1054 3491 aliquid
1083 3410 1197 3478 dooere
1220 3417 1342 3496 potest,
1371 3407 1552 3476 necessaria

342 3511 383 3578 de
406 3532 444 3577 eo
466 3511 499 3576 in
522 3512 659 3595 capito8
684 3511 832 3578 dicturus.
878 3514 1002 3596 signum
1023 3513 1116 3582 huius
1142 3515 1259 3581 codicis
1282 3515 1359 3580 mihi
1380 3519 1410 3576 Γ
1429 3518 1486 3580 est.
1543 3537 1545 3542 ’

430 3694 457 3762 9)
485 3692 613 3746 Permisit
638 3691 766 3756 Anniani,
798 3695 829 3746 nt
858 3693 1026 3762 splendidam
1058 3695 1115 3750 eius
1146 3695 1325 3748 coniecturam
1359 3709 1550 3747 commemora-

341 3797 405 3835 rem.
443 3779 596 3847 suspicatur
618 3778 704 3844 enim,
732 3779 886 3833 Petrarcam
902 3797 956 3834 non
973 3784 1074 3837 temere
1092 3782 1273 3844 desiderasse,
1300 3779 1443 3847 Sophoclis
1461 3779 1551 3832 Eari-

339 3867 465 3936 pidt‘squc
490 3863 660 3933 tragoedico,
691 3863 739 3917 sed
767 3865 795 3938 id
823 3867 911 3934 ipsum
940 3869 1104 3937 exemplum,
1136 3869 1194 3922 sine
1217 3867 1297 3920 dubio
1327 3867 1447 3928 unicum,
1481 3865 1551 3932 quod

341 3958 401 4008 tum
419 3954 457 4006 cis
474 3951 604 4006 Hadriam
623 3954 738 4016 extaret,
764 3952 891 4007 Petrarca
904 3953 1023 4009 fortasse
1040 3955 1172 4009 Avinione
1191 3954 1311 4007 vidisset.
1349 3951 1462 4018 quodsi
1481 3949 1550 4003 obti-

342 4041 415 4102 nuit,
442 4040 501 4092 fata
525 4037 622 4092 codicis
645 4054 746 4092 asaec.
764 4039 828 4092 XIV
846 4040 881 4093 ad
904 4046 974 4095 saec.
993 4041 1056 4095 XVI
1075 4039 1201 4109 persequi
1219 4041 1290 4093 licat.
1327 4039 1390 4090 nam
1409 4037 1551 4090 Petrarcae

343 4127 427 4180 libros
440 4125 475 4178 ad
485 4124 628 4178 Nicolaum
639 4123 755 4188 Niceoli,
773 4125 853 4180 huius
867 4127 901 4181 ad
913 4129 1107 4181 monasterium
1121 4127 1147 4181 S.
1160 4125 1245 4180 Marci
1256 4122 1454 4184 Florentinum,
1468 4121 1551 4174 libros

342 4211 491 4266 Marcianos
514 4214 576 4280 post
599 4211 686 4265 multa
704 4212 823 4280 pericula
845 4213 879 4267 ad
896 4215 1030 4267 familiam
1049 4213 1209 4274 Mediceam,
1236 4210 1350 4277 denique
1368 4207 1397 4260 in
1415 4205 1551 4274 publicam

235 4349 237 4356 .
314 4333 316 4338 .
344 4300 369 4354 S.
389 4298 527 4352 Laurentii
545 4297 736 4352 bibliothecam
758 4299 888 4354 transisse
912 4303 1006 4354 notum
1026 4301 1074 4353 est.
1110 4301 1140 4352 at
1158 4298 1245 4351 sensit
1263 4296 1321 4363 ipsc
1333 4292 1460 4356 Anniani,
1480 4293 1550 4345 mul-

342 4388 400 4439 tum
425 4385 529 4451 abesse,
555 4387 586 4438 ut
610 4385 733 4453 quamvis
757 4386 878 4454 speciosa
902 4386 1018 4454 suspicio
1043 4384 1156 4453 probata
1180 4385 1259 4436 esset.
1297 4394 1436 4448 speramus
1460 4381 1550 4434 tamen

341 4471 399 4526 fore
426 4474 457 4525 ut
483 4475 531 4525 aut
556 4471 702 4526 Anaianius
729 4475 778 4526 aut
801 4473 848 4527 alii
871 4474 920 4542 qui
943 4471 1158 4527 laudabilissimo
1183 4467 1273 4522 studio
1296 4467 1323 4519 in
1347 4466 1406 4522 fatu
1431 4464 1550 4521 codicum

341 4558 581 4617 Laurentianorum
599 4559 739 4628 inquirunt
757 4576 817 4616 mox
839 4563 912 4618 certa
929 4563 957 4616 et
973 4557 1129 4613 indubitata
1140 4572 1190 4610 nos
1204 4555 1326 4610 doceant.
