3626 5288
805 357 842 410 Π.
861 359 886 414 1.
1403 360 1454 422 143

242 524 328 588 niam
351 532 416 594 tres
439 534 474 593 ut
496 528 654 612 satyricae
677 527 776 592 multo
791 527 955 593 breviores
971 533 1056 605 sunt,
1080 527 1173 592 binae
1189 528 1221 589 Δ
1239 529 1319 593 ct&
1339 529 1457 620 iustum

242 629 390 696 volumen
413 633 550 716 explent.
596 631 669 696 talis
698 630 796 712 igitur
818 629 896 695 ordo
919 631 973 695 ubi
995 631 1094 695 multo
1116 650 1176 695 usu
1199 636 1231 695 ct
1252 652 1368 716 magno
1392 633 1456 720 cdi-

243 733 320 798 toris
346 735 473 800 nomine
501 741 644 800 sacratus
671 740 739 816 cst,
769 739 836 798 turn
862 753 987 815 quoque
1018 739 1239 818 conservatur,
1269 755 1341 800 cum
1364 737 1457 802 aliter

243 834 376 919 digestis
396 837 607 904 voluminibus
625 857 723 902 causa
745 836 961 921 dispositionis
984 837 1110 902 sublata
1132 843 1188 903 est.
1223 839 1300 920 quid
1316 839 1402 921 quod
1416 861 1456 906 ea

243 943 335 1006 tenus
365 941 585 1008 consuetudini
613 961 648 1007 se
674 941 827 1024 insinuat,
866 946 901 1005 ut
936 945 1047 1006 contra
1073 941 1227 1006 rationem
1254 941 1457 1029 adhibeatur;

242 1043 340 1108 veluti
367 1044 419 1110 hic
445 1044 598 1130 Polyidus
627 1051 660 1110 et
686 1043 835 1110 Peliades
859 1063 880 1108 a
903 1045 1017 1110 ceteris
1039 1044 1182 1110 eiusdem
1204 1045 1330 1110 litterae
1352 1047 1455 1112 seiun-

244 1152 314 1212 ctae
336 1155 421 1233 sunt,
445 1155 478 1214 et
499 1150 624 1214 litterae
639 1151 679 1210 A
701 1167 824 1232 paucae
839 1153 961 1212 tantum
976 1147 1105 1214 fabulae
1120 1168 1159 1214 co
1174 1149 1350 1233 volumine,
1373 1152 1458 1232 quod

243 1250 423 1334 Aphidnaei
445 1251 622 1336 donabant,
646 1252 895 1317 continebantur.
940 1272 1003 1316 non
1026 1251 1087 1316 nisi
1110 1252 1248 1336 exempli
1264 1272 1362 1319 causa
1375 1253 1456 1320 haee

244 1355 349 1420 omnia
371 1353 450 1440 dixi,
480 1376 521 1422 ne
548 1361 659 1421 contra
685 1361 833 1420 naturam
855 1355 908 1420 vel
930 1354 1084 1420 rationem
1105 1363 1244 1438 peccare
1265 1355 1392 1422 viderer
1414 1396 1457 1405 —

243 1477 367 1523 summa
392 1459 439 1525 rei
464 1460 498 1524 in
522 1479 559 1525 eo
582 1459 716 1525 vertitur
741 1457 827 1540 quod
856 1457 942 1523 idem
965 1457 1042 1523 ordo
1063 1459 1097 1523 in
1118 1457 1226 1542 lapide
1249 1461 1369 1525 saeculi
1389 1462 1457 1528 fere

242 1561 337 1646 primi
366 1583 398 1647 p.
428 1561 501 1628 Ohr.
531 1584 561 1629 n.
593 1568 625 1628 et
657 1563 690 1626 in
718 1561 827 1627 codice
857 1581 939 1628 saec.
962 1562 1039 1626 XIV
1067 1561 1233 1628 invenitur.
1277 1583 1352 1628 nam
1381 1564 1458 1646 quid

242 1665 385 1750 planius,
418 1686 513 1748 quam
543 1667 577 1730 in
606 1665 717 1731 ordine
744 1685 842 1749 supra
871 1685 911 1731 ex
941 1665 1152 1731 Laurentiano
1182 1664 1290 1730 adlato
1312 1667 1456 1743 leandem

124 1851 126 1854 Ι
243 1769 397 1834 rationem
425 1769 644 1853 adgnoscere?
688 1764 798 1855 Ἑλένη
819 1759 978 1851 Ἠλέκτρα
994 1763 1155 1854 Ἡρακλῆς
1176 1762 1337 1856 [Κύκλωψ
1344 1821 1353 1855 ,
1375 1770 1458 1836 hanc

242 1871 307 1936 iam
344 1870 538 1959 sustulimus]
573 1868 782 1958 ‘Hecateidas
814 1868 891 1936 Ἴων
919 1867 1076 1948 ‘retracta
1103 1863 1307 1958 Ἰφιγένειαι,
1346 1874 1458 1939 ultima

243 1975 353 2040 fabula
377 1976 503 2042 litterae
533 1978 574 2060 E,
608 1975 715 2041 littera
744 1978 784 2038 H
805 1975 932 2059 integra
962 1980 994 2040 et
1022 1975 1148 2041 litterae
1173 1979 1194 2037 I
1219 1996 1295 2060 pars
1325 1976 1458 2043 dimidia

245 2084 325 2144 sunt
370 2085 403 2144 et
429 2100 492 2144 non
514 2078 650 2146 similem
671 2084 792 2144 tantum
817 2078 876 2144 sed
896 2098 1027 2163 prorsus
1051 2078 1188 2145 eundem
1213 2079 1357 2146 ordinem
1385 2101 1456 2148 esse

243 2181 318 2248 inde
348 2183 559 2249 certissimum
585 2181 637 2267 fit,
668 2181 753 2265 quod
779 2182 808 2245 Θ
827 2181 879 2246 hic
901 2181 993 2250 deest
1014 2182 1097 2250 inter
1118 2184 1158 2244 H
1176 2186 1261 2267 etl,
1291 2183 1356 2248 illic
1376 2185 1459 2250 inter
1493 2212 1496 2248 z

244 2291 273 2350 Σ
301 2293 333 2352 ct
358 2289 391 2350 A
423 2286 566 2372 adparet.
612 2291 644 2352 et
673 2285 816 2351 Bacchas
850 2306 914 2352 non
944 2285 1006 2352 huc
1032 2286 1192 2370 pertinere
1223 2286 1288 2352 iam
1317 2307 1380 2352 non
1409 2294 1459 2354 est

116 2379 119 2384 ’
245 2389 331 2472 quod
352 2411 525 2476 exponam,
552 2389 611 2456 sed
634 2388 752 2456 diutius
774 2389 807 2454 in
828 2388 917 2456 hisce
939 2387 1137 2474 explicandis
1160 2391 1348 2456 commorari
1362 2391 1457 2457 lecto-

245 2514 314 2560 rum
335 2495 471 2578 ingeniis
494 2493 641 2562 diffidere
664 2499 757 2560 esset.

332 2599 441 2665 Teneo
469 2598 566 2682 igitur
591 2605 753 2680 tamquam
781 2601 901 2661 certum
930 2601 962 2661 ct
988 2596 1201 2682 exploratum,
1231 2597 1385 2680 singulari
1403 2598 1458 2664 illo

244 2701 339 2767 modo
368 2699 451 2766 κατὰ
483 2704 641 2782 στοιχεῖον
664 2700 838 2784 dispositas
867 2700 932 2764 iarn
951 2700 1049 2766 multo
1068 2705 1142 2766 ante
1166 2699 1327 2766 Christum
1348 2707 1458 2766 natum

244 2806 330 2893 (tum
372 2805 457 2870 enim
494 2804 613 2870 ordinis
656 2823 755 2870 causa
800 2823 864 2868 non
907 2803 1043 2887 amplius
1082 2802 1203 2890 extitit)
1239 2803 1273 2868 in
1312 2805 1459 2871 manibus

243 2908 354 2994 populi
373 2907 472 2974 fuisse
493 2908 656 2992 Euripidis
678 2905 875 2991 tragoediam
902 2926 943 2972 ex
964 2907 1026 2972 hac
1045 2908 1172 2992 sylloga
1191 2927 1289 2974 unum
1310 2908 1459 2974 volumen

173 3075 183 3088 ,
245 3012 409 3078 continens
435 3007 617 3094 tragoedias
643 3010 738 3078 modo
764 3015 965 3078 enumeratas
986 3010 1099 3094 ingens
1121 3010 1200 3076 illud
1207 3010 1329 3095 „quod
1350 3013 1459 3078 vocari

246 3117 342 3200 solet,
372 3116 549 3180 litterarum
576 3113 777 3198 naufragium
805 3113 970 3198 effugisse,
998 3133 1080 3180 rmus
1110 3135 1150 3180 ex
1179 3115 1352 3182 maioribus
1375 3115 1458 3181 codi-

247 3220 292 3284 cis
318 3223 365 3303 tu,
387 3237 482 3301 quem
501 3223 680 3283 nostrornm
701 3224 826 3301 patrem
848 3237 921 3284 esse
943 3217 1108 3301 superiore
1130 3218 1211 3284 libro
1234 3217 1457 3285 demonstravi.

246 3323 433 3388 remittimur
464 3322 510 3386 ita
544 3322 587 3386 ad
612 3321 899 3388 Alexandrinorum
929 3322 1208 3404 grammaticorum
1236 3327 1391 3406 aetatem,
1429 3322 1459 3387 si

246 3433 385 3511 tempus,
423 3444 485 3508 quo
519 3423 705 3509 tragoediae
734 3424 788 3489 illo
825 3425 936 3490 ordine
972 3423 1117 3508 digestae
1151 3425 1228 3509 sint,
1269 3425 1458 3507 quaerimus.

246 3527 360 3610 quodsi
380 3528 610 3594 reminiscimur
632 3526 802 3610 singularis
816 3526 903 3593 illius
918 3527 1149 3611 dispositionis,
1173 3527 1347 3594 secundum
1362 3547 1458 3609 quam

246 3637 328 3698 teste
349 3631 562 3715 Aristophane
585 3629 738 3714 Byzantio
760 3629 898 3696 Alcestis
929 3629 1053 3697 decimo
1075 3631 1210 3714 septimo
1232 3631 1315 3696 inter
1336 3630 1459 3714 Euripi·
1587 3665 1594 3694 r

248 3735 326 3802 deas
354 3736 439 3819 loco,
466 3734 626 3820 Antigona
652 3733 735 3798 inter
759 3732 956 3818 Sophocleas
985 3735 1143 3801 tricesimo
1166 3734 1266 3799 altero
1284 3734 1459 3818 legebatur,

247 3839 342 3904 obvia
364 3839 545 3904 coniectura
567 3841 629 3919 est,
661 3835 745 3900 hunc
767 3835 911 3903 ordinem
929 3838 970 3903 ab
994 3858 1032 3904 eo
1052 3835 1200 3921 indicari,
1224 3836 1283 3902 sed
1305 3836 1348 3902 ad
1369 3837 1460 3919 liqui·

249 3941 325 4007 dum
345 3940 478 4026 perduci
499 3940 617 4022 nequit.
662 3938 697 4002 id
718 3944 840 4004 tantum
863 3960 904 4006 ex
924 3941 1014 4006 titulo
1036 3940 1180 4006 Piraeico
1203 3940 1361 4023 sequitur,
1386 3959 1460 4004 eun-

249 4045 323 4110 dem
344 4045 443 4110 etiam
463 4044 496 4110 in
518 4042 684 4128 Sophoclis
705 4041 822 4108 fabulis
844 4063 997 4125 regnasse
1017 4042 1173 4125 ordinem,
1196 4063 1270 4106 narn
1291 4033 1462 4128 Ἠλ1έκτρα

245 4142 421 4236 Ἡρα[κλῆς
451 4169 471 4212 a
497 4154 553 4231 23,
587 4137 820 4231 Ἀλέξ[ανδρος
835 4195 983 4212 .......
1004 4141 1191 4233 Atellanae
1226 4135 1275 4206 ’A
1305 4165 1326 4207 a
1349 4150 1389 4208 25
1413 4163 1459 4226 sq.

250 4257 338 4318 certa
357 4257 438 4318 sunt.

726 4419 978 4430 .----...-.--.-,....,
