<?xml version="1.0" encoding="UTF-8"?>
<!DOCTYPE html PUBLIC "-//W3C//DTD XHTML 1.0 Transitional//EN"
    "http://www.w3.org/TR/xhtml1/DTD/xhtml1-transitional.dtd">
<html xmlns="http://www.w3.org/1999/xhtml" xml:lang="en" lang="en">
 <head>
  <title>
</title>
<meta http-equiv="Content-Type" content="text/html;charset=utf-8" />
  <meta name='ocr-system' content='tesseract 3.04.00' />
  <meta name='ocr-capabilities' content='ocr_page ocr_carea ocr_par ocr_line ocrx_word'/>
</head>
<body>
  <div class='ocr_page' id='page_1' title='image "./analectaevripid00moegoog_0010.png"; bbox 0 0 3594 5292; ppageno 0'>
   <div class='ocr_carea' id='block_1_1' title="bbox 811 1389 845 1488">
    <p class='ocr_par' dir='ltr' id='par_1_1' title="bbox 811 1389 845 1488">
     <span class='ocr_line' id='line_1_1' title="bbox 811 1389 845 1488; baseline 0.029 -1"><span class='ocrx_word' id='word_1_1' title='bbox 811 1389 845 1488; x_wconf 93' lang='grc' dir='ltr'>Ι.</span> 
     </span>
    </p>
   </div>
   <div class='ocr_carea' id='block_1_2' title="bbox 306 1595 1351 1681">
    <p class='ocr_par' dir='ltr' id='par_1_2' title="bbox 306 1575 1351 1681">
     <span class='ocr_line' id='line_1_2' title="bbox 306 1595 1351 1681; baseline 0 -2"><span class='ocrx_word' id='word_1_2' title='bbox 306 1599 369 1680; x_wconf 74' lang='lat' dir='ltr'>lie</span> <span class='ocrx_word' id='word_1_3' title='bbox 396 1597 647 1680; x_wconf 80' lang='lat' dir='ltr'>fabularum</span> <span class='ocrx_word' id='word_1_4' title='bbox 675 1596 858 1681; x_wconf 90' lang='lat' dir='ltr'>secundi</span> <span class='ocrx_word' id='word_1_5' title='bbox 884 1595 1051 1681; x_wconf 81' lang='lat' dir='ltr'>ordinis</span> <span class='ocrx_word' id='word_1_6' title='bbox 1079 1595 1351 1680; x_wconf 73' lang='lat' dir='ltr'>recensione.</span> 
     </span>
    </p>
   </div>
   <div class='ocr_carea' id='block_1_3' title="bbox 814 1813 842 1870">
    <p class='ocr_par' dir='ltr' id='par_1_3' title="bbox 814 1813 842 1870">
     <span class='ocr_line' id='line_1_3' title="bbox 814 1813 842 1870; baseline 0 0"><span class='ocrx_word' id='word_1_7' title='bbox 814 1813 842 1870; x_wconf 89' lang='lat'>1.</span> 
     </span>
    </p>
   </div>
   <div class='ocr_carea' id='block_1_4' title="bbox 222 1922 1531 4092">
    <p class='ocr_par' dir='ltr' id='par_1_4' title="bbox 222 1922 1531 2738">
     <span class='ocr_line' id='line_1_4' title="bbox 309 1922 1436 2012; baseline -0.003 -22"><span class='ocrx_word' id='word_1_8' title='bbox 309 1926 430 1992; x_wconf 88' lang='lat' dir='ltr'>Decem</span> <span class='ocrx_word' id='word_1_9' title='bbox 458 1925 582 1992; x_wconf 82' lang='lat' dir='ltr'>fabulas</span> <span class='ocrx_word' id='word_1_10' title='bbox 612 1926 818 2012; x_wconf 85' lang='lat' dir='ltr'>Euripideas,</span> <span class='ocrx_word' id='word_1_11' title='bbox 855 1945 934 2008; x_wconf 90' lang='lat' dir='ltr'>quas</span> <span class='ocrx_word' id='word_1_12' title='bbox 961 1925 1158 1992; x_wconf 87' lang='lat' dir='ltr'>Kirchhoffio</span> <span class='ocrx_word' id='word_1_13' title='bbox 1193 1925 1273 1990; x_wconf 90' lang='lat' dir='ltr'>duce</span> <span class='ocrx_word' id='word_1_14' title='bbox 1302 1922 1436 2000; x_wconf 66' lang='lat' dir='ltr'>,secundi</span> 
     </span>
     <span class='ocr_line' id='line_1_5' title="bbox 228 2028 1437 2115; baseline -0.002 -21"><span class='ocrx_word' id='word_1_15' title='bbox 228 2029 346 2096; x_wconf 81' lang='lat' dir='ltr'>ordinis</span> <span class='ocrx_word' id='word_1_16' title='bbox 385 2051 500 2097; x_wconf 88' lang='lat' dir='ltr'>vocare</span> <span class='ocrx_word' id='word_1_17' title='bbox 534 2031 770 2115; x_wconf 82' lang='lat' dir='ltr'>consuevimus,</span> <span class='ocrx_word' id='word_1_18' title='bbox 813 2031 936 2097; x_wconf 91' lang='lat' dir='ltr'>duobus</span> <span class='ocrx_word' id='word_1_19' title='bbox 968 2037 1089 2096; x_wconf 88' lang='lat' dir='ltr'>tantum</span> <span class='ocrx_word' id='word_1_20' title='bbox 1119 2030 1280 2096; x_wconf 87' lang='lat' dir='ltr'>codicibus</span> <span class='ocrx_word' id='word_1_21' title='bbox 1317 2028 1437 2094; x_wconf 85' lang='lat' dir='ltr'>Pala-</span> 
     </span>
     <span class='ocr_line' id='line_1_6' title="bbox 227 2131 1437 2220; baseline -0.002 -22"><span class='ocrx_word' id='word_1_22' title='bbox 227 2134 312 2199; x_wconf 93' lang='lat' dir='ltr'>tino</span> <span class='ocrx_word' id='word_1_23' title='bbox 336 2142 396 2200; x_wconf 80' lang='lat'>287</span> <span class='ocrx_word' id='word_1_24' title='bbox 428 2141 460 2200; x_wconf 86' lang='grc'>01</span> <span class='ocrx_word' id='word_1_25' title='bbox 490 2135 771 2210; x_wconf 88' lang='lat' dir='ltr'>Laurentiano</span> <span class='ocrx_word' id='word_1_26' title='bbox 795 2143 889 2220; x_wconf 82' lang='lat'><strong>32‚2</strong></span> <span class='ocrx_word' id='word_1_27' title='bbox 922 2135 965 2200; x_wconf 87' lang='lat' dir='ltr'>ad</span> <span class='ocrx_word' id='word_1_28' title='bbox 983 2155 1041 2203; x_wconf 90' lang='lat' dir='ltr'>nos</span> <span class='ocrx_word' id='word_1_29' title='bbox 1064 2135 1250 2220; x_wconf 88' lang='lat' dir='ltr'>pervenisse</span> <span class='ocrx_word' id='word_1_30' title='bbox 1265 2131 1290 2218; x_wconf 85' lang='grc'>1)</span> <span class='ocrx_word' id='word_1_31' title='bbox 1316 2132 1437 2217; x_wconf 91' lang='lat' dir='ltr'>primus</span> 
     </span>
     <span class='ocr_line' id='line_1_7' title="bbox 226 2236 1436 2325; baseline -0.002 -23"><span class='ocrx_word' id='word_1_32' title='bbox 226 2238 419 2306; x_wconf 84' lang='lat' dir='ltr'>intellexisse</span> <span class='ocrx_word' id='word_1_33' title='bbox 440 2240 566 2306; x_wconf 91' lang='lat' dir='ltr'>videtur</span> <span class='ocrx_word' id='word_1_34' title='bbox 583 2242 731 2306; x_wconf 90' lang='lat' dir='ltr'>Petrus</span> <span class='ocrx_word' id='word_1_35' title='bbox 755 2241 999 2325; x_wconf 82' lang='lat' dir='ltr'>Elmsleius,</span> <span class='ocrx_word' id='word_1_36' title='bbox 1023 2260 1103 2306; x_wconf 90' lang='lat' dir='ltr'>unus</span> <span class='ocrx_word' id='word_1_37' title='bbox 1126 2239 1180 2322; x_wconf 89' lang='lat' dir='ltr'>qui</span> <span class='ocrx_word' id='word_1_38' title='bbox 1197 2236 1389 2304; x_wconf 88' lang='lat' dir='ltr'>emendandi</span> <span class='ocrx_word' id='word_1_39' title='bbox 1404 2241 1436 2300; x_wconf 90' lang='grc'>01</span> 
     </span>
     <span class='ocr_line' id='line_1_8' title="bbox 225 2341 1531 2429; baseline -0.003 -21"><span class='ocrx_word' id='word_1_40' title='bbox 225 2342 385 2410; x_wconf 91' lang='lat' dir='ltr'>studiosus</span> <span class='ocrx_word' id='word_1_41' title='bbox 417 2351 449 2410; x_wconf 91' lang='lat' dir='ltr'>et</span> <span class='ocrx_word' id='word_1_42' title='bbox 477 2363 606 2429; x_wconf 84' lang='lat' dir='ltr'>compos</span> <span class='ocrx_word' id='word_1_43' title='bbox 630 2344 755 2411; x_wconf 89' lang='lat' dir='ltr'>codices</span> <span class='ocrx_word' id='word_1_44' title='bbox 779 2345 851 2411; x_wconf 91' lang='lat' dir='ltr'>illos</span> <span class='ocrx_word' id='word_1_45' title='bbox 875 2345 1038 2410; x_wconf 84' lang='lat' dir='ltr'>evolverit.</span> <span class='ocrx_word' id='word_1_46' title='bbox 1084 2362 1277 2426; x_wconf 84' lang='lat' dir='ltr'>quamquam</span> <span class='ocrx_word' id='word_1_47' title='bbox 1298 2341 1437 2406; x_wconf 88' lang='lat' dir='ltr'>Lauren·</span> <span class='ocrx_word' id='word_1_48' title='bbox 1529 2409 1531 2414; x_wconf 15' lang='grc' dir='ltr'><strong>Α</strong></span> 
     </span>
     <span class='ocr_line' id='line_1_9' title="bbox 224 2431 1438 2532; baseline -0.002 -22"><span class='ocrx_word' id='word_1_49' title='bbox 224 2446 343 2512; x_wconf 88' lang='lat' dir='ltr'>tianum</span> <span class='ocrx_word' id='word_1_50' title='bbox 376 2447 528 2513; x_wconf 85' lang='lat' dir='ltr'>delibavit</span> <span class='ocrx_word' id='word_1_51' title='bbox 559 2455 694 2532; x_wconf 89' lang='lat' dir='ltr'>tantum,</span> <span class='ocrx_word' id='word_1_52' title='bbox 730 2448 799 2512; x_wconf 86' lang='lat' dir='ltr'>sola</span> <span class='ocrx_word' id='word_1_53' title='bbox 827 2447 961 2512; x_wconf 90' lang='lat' dir='ltr'>Bacchis</span> <span class='ocrx_word' id='word_1_54' title='bbox 993 2447 1135 2530; x_wconf 90' lang='lat' dir='ltr'>conlata,</span> <span class='ocrx_word' id='word_1_55' title='bbox 1168 2464 1271 2528; x_wconf 88' lang='lat' dir='ltr'>neque</span> <span class='ocrx_word' id='word_1_56' title='bbox 1300 2431 1334 2508; x_wconf 90' lang='lat' dir='ltr'>id</span> <span class='ocrx_word' id='word_1_57' title='bbox 1361 2443 1438 2509; x_wconf 85' lang='lat' dir='ltr'>satis</span> 
     </span>
     <span class='ocr_line' id='line_1_10' title="bbox 223 2546 1439 2634; baseline -0.003 -20"><span class='ocrx_word' id='word_1_58' title='bbox 223 2549 393 2616; x_wconf 87' lang='lat' dir='ltr'>adcurate:</span> <span class='ocrx_word' id='word_1_59' title='bbox 421 2552 474 2617; x_wconf 92' lang='lat' dir='ltr'>vel</span> <span class='ocrx_word' id='word_1_60' title='bbox 502 2550 537 2615; x_wconf 94' lang='lat' dir='ltr'>id</span> <span class='ocrx_word' id='word_1_61' title='bbox 567 2571 639 2615; x_wconf 92' lang='lat' dir='ltr'>eum</span> <span class='ocrx_word' id='word_1_62' title='bbox 660 2550 754 2634; x_wconf 89' lang='lat' dir='ltr'>fugit,</span> <span class='ocrx_word' id='word_1_63' title='bbox 785 2555 817 2616; x_wconf 93' lang='lat' dir='ltr'>et</span> <span class='ocrx_word' id='word_1_64' title='bbox 844 2550 885 2614; x_wconf 88' lang='lat' dir='ltr'>ab</span> <span class='ocrx_word' id='word_1_65' title='bbox 908 2550 972 2615; x_wconf 89' lang='lat' dir='ltr'>alia</span> <span class='ocrx_word' id='word_1_66' title='bbox 991 2569 1087 2614; x_wconf 87' lang='lat' dir='ltr'>manu</span> <span class='ocrx_word' id='word_1_67' title='bbox 1109 2568 1206 2631; x_wconf 89' lang='lat' dir='ltr'>quam</span> <span class='ocrx_word' id='word_1_68' title='bbox 1228 2553 1336 2628; x_wconf 87' lang='lat' dir='ltr'>cetera</span> <span class='ocrx_word' id='word_1_69' title='bbox 1356 2546 1439 2612; x_wconf 90' lang='lat' dir='ltr'>hanc</span> 
     </span>
     <span class='ocr_line' id='line_1_11' title="bbox 222 2653 1248 2738; baseline 0 -20"><span class='ocrx_word' id='word_1_70' title='bbox 222 2654 365 2720; x_wconf 85' lang='lat' dir='ltr'>fabulam</span> <span class='ocrx_word' id='word_1_71' title='bbox 388 2660 421 2720; x_wconf 91' lang='grc'>01</span> <span class='ocrx_word' id='word_1_72' title='bbox 441 2655 474 2719; x_wconf 92' lang='lat' dir='ltr'>in</span> <span class='ocrx_word' id='word_1_73' title='bbox 494 2659 642 2738; x_wconf 89' lang='lat' dir='ltr'>separato</span> <span class='ocrx_word' id='word_1_74' title='bbox 667 2653 742 2719; x_wconf 91' lang='lat' dir='ltr'>olim</span> <span class='ocrx_word' id='word_1_75' title='bbox 764 2655 971 2736; x_wconf 85' lang='lat' dir='ltr'>quaternione</span> <span class='ocrx_word' id='word_1_76' title='bbox 994 2653 1145 2738; x_wconf 90' lang='lat' dir='ltr'>scriptam</span> <span class='ocrx_word' id='word_1_77' title='bbox 1168 2671 1248 2718; x_wconf 91' lang='lat' dir='ltr'>esse.</span> 
     </span>
    </p>

    <p class='ocr_par' dir='ltr' id='par_1_5' title="bbox 224 2757 1443 4092">
     <span class='ocr_line' id='line_1_12' title="bbox 312 2757 1438 2842; baseline -0.002 -20"><span class='ocrx_word' id='word_1_78' title='bbox 312 2757 402 2836; x_wconf 76' lang='lat' dir='ltr'>Quae</span> <span class='ocrx_word' id='word_1_79' title='bbox 422 2758 591 2826; x_wconf 86' lang='lat' dir='ltr'>Elmsleius</span> <span class='ocrx_word' id='word_1_80' title='bbox 614 2764 758 2824; x_wconf 84' lang='lat' dir='ltr'>senserat</span> <span class='ocrx_word' id='word_1_81' title='bbox 778 2759 880 2842; x_wconf 84' lang='lat' dir='ltr'>magis</span> <span class='ocrx_word' id='word_1_82' title='bbox 904 2777 999 2840; x_wconf 90' lang='lat' dir='ltr'>quam</span> <span class='ocrx_word' id='word_1_83' title='bbox 1014 2757 1229 2842; x_wconf 87' lang='lat' dir='ltr'>intellexerat,</span> <span class='ocrx_word' id='word_1_84' title='bbox 1251 2759 1438 2840; x_wconf 87' lang='lat' dir='ltr'>persecutus</span> 
     </span>
     <span class='ocr_line' id='line_1_13' title="bbox 224 2859 1436 2947; baseline -0.004 -19"><span class='ocrx_word' id='word_1_85' title='bbox 224 2870 274 2930; x_wconf 92' lang='lat' dir='ltr'>est</span> <span class='ocrx_word' id='word_1_86' title='bbox 302 2861 586 2947; x_wconf 85' lang='lat' dir='ltr'>Kirohhoffius,</span> <span class='ocrx_word' id='word_1_87' title='bbox 620 2863 752 2928; x_wconf 86' lang='lat' dir='ltr'>abiectis</span> <span class='ocrx_word' id='word_1_88' title='bbox 782 2862 912 2928; x_wconf 86' lang='lat' dir='ltr'>tandem</span> <span class='ocrx_word' id='word_1_89' title='bbox 942 2861 1199 2947; x_wconf 84' lang='lat' dir='ltr'>apographorum</span> <span class='ocrx_word' id='word_1_90' title='bbox 1236 2866 1268 2926; x_wconf 93' lang='grc'>01</span> <span class='ocrx_word' id='word_1_91' title='bbox 1300 2859 1436 2924; x_wconf 85' lang='lat' dir='ltr'>Aldinae</span> 
     </span>
     <span class='ocr_line' id='line_1_14' title="bbox 225 2962 1438 3051; baseline -0.006 -17"><span class='ocrx_word' id='word_1_92' title='bbox 225 2967 388 3034; x_wconf 90' lang='lat' dir='ltr'>sordibus:</span> <span class='ocrx_word' id='word_1_93' title='bbox 412 2973 507 3050; x_wconf 88' lang='lat' dir='ltr'>atque</span> <span class='ocrx_word' id='word_1_94' title='bbox 526 2986 691 3051; x_wconf 87' lang='lat' dir='ltr'>speramus</span> <span class='ocrx_word' id='word_1_95' title='bbox 716 2967 783 3033; x_wconf 85' lang='lat' dir='ltr'>fore</span> <span class='ocrx_word' id='word_1_96' title='bbox 803 2973 837 3032; x_wconf 91' lang='lat' dir='ltr'>ut</span> <span class='ocrx_word' id='word_1_97' title='bbox 856 2967 990 3032; x_wconf 89' lang='lat' dir='ltr'>istorum</span> <span class='ocrx_word' id='word_1_98' title='bbox 1014 2966 1181 3033; x_wconf 79' lang='lat' dir='ltr'>conamina</span> <span class='ocrx_word' id='word_1_99' title='bbox 1202 2965 1299 3030; x_wconf 86' lang='lat' dir='ltr'>inrita</span> <span class='ocrx_word' id='word_1_100' title='bbox 1313 2962 1438 3048; x_wconf 89' lang='lat' dir='ltr'>cadant,</span> 
     </span>
     <span class='ocr_line' id='line_1_15' title="bbox 227 3066 1439 3156; baseline -0.005 -19"><span class='ocrx_word' id='word_1_101' title='bbox 227 3073 281 3153; x_wconf 92' lang='lat' dir='ltr'>qui</span> <span class='ocrx_word' id='word_1_102' title='bbox 301 3072 447 3137; x_wconf 87' lang='lat' dir='ltr'>semitam</span> <span class='ocrx_word' id='word_1_103' title='bbox 467 3072 545 3138; x_wconf 88' lang='lat' dir='ltr'>satis</span> <span class='ocrx_word' id='word_1_104' title='bbox 566 3072 776 3156; x_wconf 86' lang='lat' dir='ltr'>salebrosam,</span> <span class='ocrx_word' id='word_1_105' title='bbox 806 3091 901 3154; x_wconf 87' lang='lat' dir='ltr'>quam</span> <span class='ocrx_word' id='word_1_106' title='bbox 923 3070 965 3135; x_wconf 86' lang='lat' dir='ltr'>sd</span> <span class='ocrx_word' id='word_1_107' title='bbox 986 3071 1102 3136; x_wconf 91' lang='lat' dir='ltr'>iustam</span> <span class='ocrx_word' id='word_1_108' title='bbox 1124 3069 1236 3134; x_wconf 86' lang='lat' dir='ltr'>harum</span> <span class='ocrx_word' id='word_1_109' title='bbox 1259 3066 1439 3151; x_wconf 86' lang='lat' dir='ltr'>tragoedia-</span> 
     </span>
     <span class='ocr_line' id='line_1_16' title="bbox 228 3170 1434 3260; baseline -0.001 -21"><span class='ocrx_word' id='word_1_110' title='bbox 228 3195 296 3239; x_wconf 91' lang='lat' dir='ltr'>rum</span> <span class='ocrx_word' id='word_1_111' title='bbox 325 3175 542 3241; x_wconf 85' lang='lat' dir='ltr'>recensionem</span> <span class='ocrx_word' id='word_1_112' title='bbox 569 3175 783 3242; x_wconf 84' lang='lat' dir='ltr'>Kirolihoffius</span> <span class='ocrx_word' id='word_1_113' title='bbox 808 3175 949 3260; x_wconf 85' lang='lat' dir='ltr'>aperuit,</span> <span class='ocrx_word' id='word_1_114' title='bbox 976 3175 1009 3240; x_wconf 92' lang='lat' dir='ltr'>in</span> <span class='ocrx_word' id='word_1_115' title='bbox 1032 3175 1106 3240; x_wconf 86' lang='lat' dir='ltr'>avia</span> <span class='ocrx_word' id='word_1_116' title='bbox 1128 3192 1253 3240; x_wconf 92' lang='lat' dir='ltr'>rursum</span> <span class='ocrx_word' id='word_1_117' title='bbox 1275 3170 1434 3239; x_wconf 89' lang='lat' dir='ltr'>deducere</span> 
     </span>
     <span class='ocr_line' id='line_1_17' title="bbox 228 3275 1440 3360; baseline -0.004 -16"><span class='ocrx_word' id='word_1_118' title='bbox 228 3277 362 3344; x_wconf 89' lang='lat' dir='ltr'>student.</span> <span class='ocrx_word' id='word_1_119' title='bbox 407 3284 441 3343; x_wconf 92' lang='lat' dir='ltr'>at</span> <span class='ocrx_word' id='word_1_120' title='bbox 459 3278 575 3345; x_wconf 87' lang='lat' dir='ltr'>defecit</span> <span class='ocrx_word' id='word_1_121' title='bbox 594 3279 824 3347; x_wconf 87' lang='lat' dir='ltr'>Kirohhoffium</span> <span class='ocrx_word' id='word_1_122' title='bbox 841 3278 994 3344; x_wconf 85' lang='lat' dir='ltr'>adcurate</span> <span class='ocrx_word' id='word_1_123' title='bbox 1009 3277 1153 3344; x_wconf 89' lang='lat' dir='ltr'>codicum</span> <span class='ocrx_word' id='word_1_124' title='bbox 1168 3275 1313 3360; x_wconf 84' lang='lat' dir='ltr'>cognitio.</span> <span class='ocrx_word' id='word_1_125' title='bbox 1348 3276 1440 3340; x_wconf 87' lang='lat' dir='ltr'>Pala-</span> 
     </span>
     <span class='ocr_line' id='line_1_18' title="bbox 228 3378 1441 3466; baseline -0.003 -18"><span class='ocrx_word' id='word_1_126' title='bbox 228 3383 298 3448; x_wconf 91' lang='lat' dir='ltr'>tini·</span> <span class='ocrx_word' id='word_1_127' title='bbox 311 3382 438 3466; x_wconf 93' lang='lat' dir='ltr'>quidem</span> <span class='ocrx_word' id='word_1_128' title='bbox 466 3383 675 3450; x_wconf 89' lang='lat' dir='ltr'>conlationem</span> <span class='ocrx_word' id='word_1_129' title='bbox 702 3383 813 3448; x_wconf 92' lang='lat' dir='ltr'>habuit</span> <span class='ocrx_word' id='word_1_130' title='bbox 842 3383 921 3448; x_wconf 89' lang='lat' dir='ltr'>satis</span> <span class='ocrx_word' id='word_1_131' title='bbox 944 3382 1114 3465; x_wconf 84' lang='lat' dir='ltr'>diligenter</span> <span class='ocrx_word' id='word_1_132' title='bbox 1136 3379 1326 3446; x_wconf 85' lang='lat' dir='ltr'>confectam:</span> <span class='ocrx_word' id='word_1_133' title='bbox 1356 3378 1441 3462; x_wconf 91' lang='lat' dir='ltr'>quod</span> 
     </span>
     <span class='ocr_line' id='line_1_19' title="bbox 227 3484 1441 3571; baseline -0.004 -18"><span class='ocrx_word' id='word_1_134' title='bbox 227 3488 430 3571; x_wconf 87' lang='lat' dir='ltr'>pronuntiare</span> <span class='ocrx_word' id='word_1_135' title='bbox 453 3506 558 3552; x_wconf 90' lang='lat' dir='ltr'>meum</span> <span class='ocrx_word' id='word_1_136' title='bbox 579 3493 640 3571; x_wconf 88' lang='lat' dir='ltr'>est,</span> <span class='ocrx_word' id='word_1_137' title='bbox 673 3507 744 3551; x_wconf 89' lang='lat' dir='ltr'>oum</span> <span class='ocrx_word' id='word_1_138' title='bbox 765 3507 862 3571; x_wconf 91' lang='lat' dir='ltr'>saepe</span> <span class='ocrx_word' id='word_1_139' title='bbox 886 3507 958 3552; x_wconf 89' lang='lat' dir='ltr'>eam</span> <span class='ocrx_word' id='word_1_140' title='bbox 981 3491 1178 3552; x_wconf 88' lang='lat' dir='ltr'>correcturus</span> <span class='ocrx_word' id='word_1_141' title='bbox 1201 3484 1268 3550; x_wconf 90' lang='lat' dir='ltr'>sim.</span> <span class='ocrx_word' id='word_1_142' title='bbox 1304 3503 1441 3565; x_wconf 87' lang='lat' dir='ltr'>namque</span> 
     </span>
     <span class='ocr_line' id='line_1_20' title="bbox 226 3588 1441 3676; baseline -0.003 -20"><span class='ocrx_word' id='word_1_143' title='bbox 226 3591 259 3656; x_wconf 94' lang='lat' dir='ltr'>in</span> <span class='ocrx_word' id='word_1_144' title='bbox 286 3591 422 3656; x_wconf 90' lang='lat' dir='ltr'>enotatis</span> <span class='ocrx_word' id='word_1_145' title='bbox 450 3590 568 3656; x_wconf 88' lang='lat' dir='ltr'>codicis</span> <span class='ocrx_word' id='word_1_146' title='bbox 595 3591 782 3658; x_wconf 88' lang='lat' dir='ltr'>lectionibus</span> <span class='ocrx_word' id='word_1_147' title='bbox 808 3610 932 3657; x_wconf 91' lang='lat' dir='ltr'>errores</span> <span class='ocrx_word' id='word_1_148' title='bbox 962 3590 1057 3676; x_wconf 87' lang='lat' dir='ltr'>pauci</span> <span class='ocrx_word' id='word_1_149' title='bbox 1091 3594 1179 3672; x_wconf 88' lang='lat' dir='ltr'>sunt;</span> <span class='ocrx_word' id='word_1_150' title='bbox 1210 3589 1305 3671; x_wconf 92' lang='lat' dir='ltr'>longe</span> <span class='ocrx_word' id='word_1_151' title='bbox 1333 3588 1441 3672; x_wconf 88' lang='lat' dir='ltr'>plures</span> 
     </span>
     <span class='ocr_line' id='line_1_21' title="bbox 226 3689 1443 3778; baseline -0.005 -18"><span class='ocrx_word' id='word_1_152' title='bbox 226 3693 301 3760; x_wconf 86' lang='lat' dir='ltr'>inde</span> <span class='ocrx_word' id='word_1_153' title='bbox 330 3695 413 3778; x_wconf 87' lang='lat' dir='ltr'>nati,</span> <span class='ocrx_word' id='word_1_154' title='bbox 443 3693 529 3777; x_wconf 92' lang='lat' dir='ltr'>quod</span> <span class='ocrx_word' id='word_1_155' title='bbox 558 3713 598 3758; x_wconf 85' lang='lat' dir='ltr'>ex</span> <span class='ocrx_word' id='word_1_156' title='bbox 627 3695 752 3760; x_wconf 90' lang='lat' dir='ltr'>silentio</span> <span class='ocrx_word' id='word_1_157' title='bbox 781 3694 951 3760; x_wconf 88' lang='lat' dir='ltr'>conlatoris</span> <span class='ocrx_word' id='word_1_158' title='bbox 977 3691 1228 3760; x_wconf 89' lang='lat' dir='ltr'>concludendum</span> <span class='ocrx_word' id='word_1_159' title='bbox 1250 3696 1328 3757; x_wconf 87' lang='lat' dir='ltr'>erat.</span> <span class='ocrx_word' id='word_1_160' title='bbox 1372 3689 1443 3756; x_wconf 89' lang='lat' dir='ltr'>fieri</span> 
     </span>
     <span class='ocr_line' id='line_1_22' title="bbox 226 3795 1440 3883; baseline -0.005 -19"><span class='ocrx_word' id='word_1_161' title='bbox 226 3819 302 3864; x_wconf 89' lang='lat' dir='ltr'>vero</span> <span class='ocrx_word' id='word_1_162' title='bbox 324 3817 420 3882; x_wconf 88' lang='lat' dir='ltr'>posse</span> <span class='ocrx_word' id='word_1_163' title='bbox 441 3805 476 3862; x_wconf 94' lang='lat' dir='ltr'>ut</span> <span class='ocrx_word' id='word_1_164' title='bbox 498 3798 531 3862; x_wconf 92' lang='lat' dir='ltr'>in</span> <span class='ocrx_word' id='word_1_165' title='bbox 553 3805 619 3862; x_wconf 92' lang='lat' dir='ltr'>tam</span> <span class='ocrx_word' id='word_1_166' title='bbox 639 3799 747 3883; x_wconf 89' lang='lat' dir='ltr'>ampla</span> <span class='ocrx_word' id='word_1_167' title='bbox 762 3819 861 3883; x_wconf 90' lang='lat' dir='ltr'>opera</span> <span class='ocrx_word' id='word_1_168' title='bbox 875 3799 954 3866; x_wconf 92' lang='lat' dir='ltr'>nihil</span> <span class='ocrx_word' id='word_1_169' title='bbox 969 3803 1204 3882; x_wconf 84' lang='lat' dir='ltr'>praetereatur,</span> <span class='ocrx_word' id='word_1_170' title='bbox 1225 3815 1289 3862; x_wconf 92' lang='lat' dir='ltr'>non</span> <span class='ocrx_word' id='word_1_171' title='bbox 1310 3795 1440 3879; x_wconf 87' lang='lat' dir='ltr'>opinan-</span> 
     </span>
     <span class='ocr_line' id='line_1_23' title="bbox 227 3897 1442 3987; baseline -0.006 -19"><span class='ocrx_word' id='word_1_172' title='bbox 227 3910 278 3968; x_wconf 91' lang='lat' dir='ltr'>tur</span> <span class='ocrx_word' id='word_1_173' title='bbox 308 3903 369 3968; x_wconf 91' lang='lat' dir='ltr'>nisi</span> <span class='ocrx_word' id='word_1_174' title='bbox 399 3903 453 3984; x_wconf 94' lang='lat' dir='ltr'>qui</span> <span class='ocrx_word' id='word_1_175' title='bbox 474 3901 572 3968; x_wconf 87' lang='lat' dir='ltr'>libros</span> <span class='ocrx_word' id='word_1_176' title='bbox 594 3923 689 3968; x_wconf 91' lang='lat' dir='ltr'>manu</span> <span class='ocrx_word' id='word_1_177' title='bbox 714 3904 848 3987; x_wconf 87' lang='lat' dir='ltr'>scriptos</span> <span class='ocrx_word' id='word_1_178' title='bbox 871 3922 930 3968; x_wconf 90' lang='lat' dir='ltr'>nec</span> <span class='ocrx_word' id='word_1_179' title='bbox 953 3903 1052 3968; x_wconf 92' lang='lat' dir='ltr'>oculis</span> <span class='ocrx_word' id='word_1_180' title='bbox 1074 3921 1134 3966; x_wconf 89' lang='lat' dir='ltr'>nec</span> <span class='ocrx_word' id='word_1_181' title='bbox 1155 3899 1301 3964; x_wconf 89' lang='lat' dir='ltr'>manibus</span> <span class='ocrx_word' id='word_1_182' title='bbox 1322 3897 1442 3980; x_wconf 87' lang='lat' dir='ltr'>adtige-</span> 
     </span>
     <span class='ocr_line' id='line_1_24' title="bbox 226 4002 1442 4092; baseline -0.004 -21"><span class='ocrx_word' id='word_1_183' title='bbox 226 4007 299 4074; x_wconf 88' lang='lat' dir='ltr'>rint.</span> <span class='ocrx_word' id='word_1_184' title='bbox 345 4013 378 4072; x_wconf 86' lang='lat' dir='ltr'>at</span> <span class='ocrx_word' id='word_1_185' title='bbox 402 4007 623 4092; x_wconf 89' lang='lat' dir='ltr'>Laurentiani,</span> <span class='ocrx_word' id='word_1_186' title='bbox 662 4027 724 4090; x_wconf 92' lang='lat' dir='ltr'>quo</span> <span class='ocrx_word' id='word_1_187' title='bbox 760 4007 904 4073; x_wconf 90' lang='lat' dir='ltr'>subtilius</span> <span class='ocrx_word' id='word_1_188' title='bbox 935 4013 967 4072; x_wconf 91' lang='lat' dir='ltr'>et</span> <span class='ocrx_word' id='word_1_189' title='bbox 997 4004 1256 4089; x_wconf 89' lang='lat' dir='ltr'>circumspectius</span> <span class='ocrx_word' id='word_1_190' title='bbox 1287 4002 1365 4085; x_wconf 86' lang='lat' dir='ltr'>egit,</span> <span class='ocrx_word' id='word_1_191' title='bbox 1404 4021 1442 4067; x_wconf 92' lang='grc'>00</span> 
     </span>
    </p>
   </div>
   <div class='ocr_carea' id='block_1_5' title="bbox 227 4142 483 4150">
    <p class='ocr_par' dir='ltr' id='par_1_6' title="bbox 227 4142 483 4150">
     <span class='ocr_line' id='line_1_25' title="bbox 227 4142 483 4150; baseline 0 -2"><span class='ocrx_word' id='word_1_192' title='bbox 227 4142 483 4150; x_wconf 68' lang='grc'>---...--..,..-.-</span> 
     </span>
    </p>
   </div>
   <div class='ocr_carea' id='block_1_6' title="bbox 227 4200 1443 4710">
    <p class='ocr_par' dir='ltr' id='par_1_7' title="bbox 227 4200 1443 4625">
     <span class='ocr_line' id='line_1_26' title="bbox 314 4200 1443 4277; baseline -0.009 -15"><span class='ocrx_word' id='word_1_193' title='bbox 314 4207 342 4276; x_wconf 85' lang='grc'>1)</span> <span class='ocrx_word' id='word_1_194' title='bbox 360 4206 430 4261; x_wconf 84' lang='lat' dir='ltr'>Sunt</span> <span class='ocrx_word' id='word_1_195' title='bbox 453 4225 522 4277; x_wconf 87' lang='lat' dir='ltr'>quae</span> <span class='ocrx_word' id='word_1_196' title='bbox 545 4224 575 4260; x_wconf 85' lang='lat' dir='ltr'>er</span> <span class='ocrx_word' id='word_1_197' title='bbox 602 4207 688 4260; x_wconf 84' lang='lat' dir='ltr'>altero</span> <span class='ocrx_word' id='word_1_198' title='bbox 711 4209 819 4260; x_wconf 87' lang='lat' dir='ltr'>tantum</span> <span class='ocrx_word' id='word_1_199' title='bbox 843 4205 940 4258; x_wconf 88' lang='lat' dir='ltr'>horum</span> <span class='ocrx_word' id='word_1_200' title='bbox 957 4204 1074 4258; x_wconf 84' lang='lat' dir='ltr'>fontium</span> <span class='ocrx_word' id='word_1_201' title='bbox 1092 4201 1287 4272; x_wconf 86' lang='lat' dir='ltr'>promanarint.</span> <span class='ocrx_word' id='word_1_202' title='bbox 1324 4215 1355 4253; x_wconf 86' lang='lat' dir='ltr'>ex</span> <span class='ocrx_word' id='word_1_203' title='bbox 1372 4200 1443 4254; x_wconf 86' lang='lat' dir='ltr'>Lau-</span> 
     </span>
     <span class='ocr_line' id='line_1_27' title="bbox 228 4287 1443 4364; baseline -0.007 -16"><span class='ocrx_word' id='word_1_204' title='bbox 228 4295 350 4348; x_wconf 86' lang='lat' dir='ltr'>rentiano</span> <span class='ocrx_word' id='word_1_205' title='bbox 369 4297 477 4364; x_wconf 85' lang='lat' dir='ltr'>praeter</span> <span class='ocrx_word' id='word_1_206' title='bbox 496 4297 552 4348; x_wconf 91' lang='lat' dir='ltr'>tres</span> <span class='ocrx_word' id='word_1_207' title='bbox 570 4293 675 4346; x_wconf 83' lang='lat' dir='ltr'>fabulas</span> <span class='ocrx_word' id='word_1_208' title='bbox 695 4294 828 4348; x_wconf 87' lang='lat' dir='ltr'>Helenam</span> <span class='ocrx_word' id='word_1_209' title='bbox 843 4287 1443 4355; x_wconf 61' lang='grc' dir='ltr'><strong>Ηο10010111Ε10011011111ος100(1101244-</strong></span> 
     </span>
     <span class='ocr_line' id='line_1_28' title="bbox 228 4373 1443 4449; baseline -0.007 -14"><span class='ocrx_word' id='word_1_210' title='bbox 228 4381 287 4436; x_wconf 82' lang='lat'>351.</span> <span class='ocrx_word' id='word_1_211' title='bbox 318 4380 606 4437; x_wconf 83' lang='lat' dir='ltr'>Heraclid.1005·iin.</span> <span class='ocrx_word' id='word_1_212' title='bbox 626 4395 694 4449; x_wconf 87' lang='lat' dir='ltr'>quae</span> <span class='ocrx_word' id='word_1_213' title='bbox 712 4381 741 4432; x_wconf 89' lang='lat' dir='ltr'>in</span> <span class='ocrx_word' id='word_1_214' title='bbox 760 4379 886 4433; x_wconf 88' lang='lat' dir='ltr'>Palatino</span> <span class='ocrx_word' id='word_1_215' title='bbox 904 4395 968 4432; x_wconf 89' lang='lat' dir='ltr'>casu</span> <span class='ocrx_word' id='word_1_216' title='bbox 987 4375 1189 4431; x_wconf 83' lang='lat' dir='ltr'>interciderunt.</span> <span class='ocrx_word' id='word_1_217' title='bbox 1227 4377 1320 4429; x_wconf 87' lang='lat' dir='ltr'>contra</span> <span class='ocrx_word' id='word_1_218' title='bbox 1338 4373 1443 4426; x_wconf 83' lang='lat' dir='ltr'>Palati·</span> 
     </span>
     <span class='ocr_line' id='line_1_29' title="bbox 227 4460 1443 4535; baseline -0.007 -15"><span class='ocrx_word' id='word_1_219' title='bbox 227 4483 280 4521; x_wconf 90' lang='lat' dir='ltr'>nus</span> <span class='ocrx_word' id='word_1_220' title='bbox 298 4469 371 4522; x_wconf 89' lang='lat' dir='ltr'>solus</span> <span class='ocrx_word' id='word_1_221' title='bbox 390 4467 556 4521; x_wconf 85' lang='lat' dir='ltr'>Baccharum</span> <span class='ocrx_word' id='word_1_222' title='bbox 579 4469 739 4535; x_wconf 85' lang='lat' dir='ltr'>argumenta</span> <span class='ocrx_word' id='word_1_223' title='bbox 761 4469 788 4521; x_wconf 88' lang='lat' dir='ltr'>et</span> <span class='ocrx_word' id='word_1_224' title='bbox 813 4482 866 4518; x_wconf 87' lang='lat' dir='ltr'>vss.</span> <span class='ocrx_word' id='word_1_225' title='bbox 885 4464 1010 4520; x_wconf 75' lang='lat' dir='ltr'>lod-flu.</span> <span class='ocrx_word' id='word_1_226' title='bbox 1029 4462 1161 4525; x_wconf 83' lang='lat' dir='ltr'>eontinet,</span> <span class='ocrx_word' id='word_1_227' title='bbox 1189 4461 1304 4530; x_wconf 86' lang='lat' dir='ltr'>quaein</span> <span class='ocrx_word' id='word_1_228' title='bbox 1323 4460 1443 4514; x_wconf 84' lang='lat' dir='ltr'>Lauren-</span> 
     </span>
     <span class='ocr_line' id='line_1_30' title="bbox 228 4553 640 4625; baseline -0.002 -19"><span class='ocrx_word' id='word_1_229' title='bbox 228 4553 302 4608; x_wconf 87' lang='lat' dir='ltr'>tiano</span> <span class='ocrx_word' id='word_1_230' title='bbox 322 4572 468 4625; x_wconf 89' lang='lat' dir='ltr'>numquam</span> <span class='ocrx_word' id='word_1_231' title='bbox 486 4554 640 4608; x_wconf 85' lang='lat' dir='ltr'>extiterunt.</span> 
     </span>
    </p>

    <p class='ocr_par' dir='ltr' id='par_1_8' title="bbox 274 4646 1222 4710">
     <span class='ocr_line' id='line_1_31' title="bbox 274 4646 1222 4710; baseline -0.002 -10"><span class='ocrx_word' id='word_1_232' title='bbox 274 4659 467 4700; x_wconf 84' lang='lat' dir='ltr'>Wilamowltu</span> <span class='ocrx_word' id='word_1_233' title='bbox 478 4679 485 4688; x_wconf 94' lang='lat'>·</span> <span class='ocrx_word' id='word_1_234' title='bbox 495 4659 728 4710; x_wconf 81' lang='lat' dir='ltr'>Moellendorii,</span> <span class='ocrx_word' id='word_1_235' title='bbox 744 4658 856 4698; x_wconf 78' lang='lat' dir='ltr'>Analecta</span> <span class='ocrx_word' id='word_1_236' title='bbox 869 4657 1002 4708; x_wconf 75' lang='lat' dir='ltr'>Euripiden.</span> <span class='ocrx_word' id='word_1_237' title='bbox 1205 4646 1222 4698; x_wconf 90' lang='lat'>1</span> 
     </span>
    </p>
   </div>
   <div class='ocr_carea' id='block_1_7' title="bbox 0 0 1803 5292">
    <p class='ocr_par' dir='ltr' id='par_1_9' title="bbox 0 0 1803 5292">
     <span class='ocr_line' id='line_1_32' title="bbox 0 0 1803 5292; baseline 0 0"><span class='ocrx_word' id='word_1_238' title='bbox 0 0 1803 5292; x_wconf 95' lang='lat' dir='ltr'> </span> 
     </span>
    </p>
   </div>
  </div>
 </body>
</html>
