<?xml version="1.0" encoding="UTF-8"?>
<!DOCTYPE html PUBLIC "-//W3C//DTD XHTML 1.0 Transitional//EN"
    "http://www.w3.org/TR/xhtml1/DTD/xhtml1-transitional.dtd">
<html xmlns="http://www.w3.org/1999/xhtml" xml:lang="en" lang="en">
 <head>
  <title>
</title>
<meta http-equiv="Content-Type" content="text/html;charset=utf-8" />
  <meta name='ocr-system' content='tesseract 3.04.00' />
  <meta name='ocr-capabilities' content='ocr_page ocr_carea ocr_par ocr_line ocrx_word'/>
</head>
<body>
  <div class='ocr_page' id='page_1' title='image "./analectaevripid00moegoog_0256.png"; bbox 0 0 3666 5296; ppageno 0'>
   <div class='ocr_carea' id='block_1_1' title="bbox 828 431 1471 490">
    <p class='ocr_par' dir='ltr' id='par_1_1' title="bbox 828 431 1471 490">
     <span class='ocr_line' id='line_1_1' title="bbox 828 431 1471 490; baseline 0.006 -4"><span class='ocrx_word' id='word_1_1' title='bbox 828 431 877 486; x_wconf 88' lang='grc' dir='ltr'>ΠΙ.</span> <span class='ocrx_word' id='word_1_2' title='bbox 894 433 918 486; x_wconf 87' lang='lat'>8.</span> <span class='ocrx_word' id='word_1_3' title='bbox 1420 435 1471 490; x_wconf 75' lang='lat'>247</span> 
     </span>
    </p>
   </div>
   <div class='ocr_carea' id='block_1_2' title="bbox 263 597 1471 697">
    <p class='ocr_par' dir='ltr' id='par_1_2' title="bbox 263 597 1471 697">
     <span class='ocr_line' id='line_1_2' title="bbox 263 597 1471 697; baseline 0.003 -28"><span class='ocrx_word' id='word_1_4' title='bbox 263 601 411 690; x_wconf 66' lang='grc' dir='ltr'><em>Κύπρις</em></span> <span class='ocrx_word' id='word_1_5' title='bbox 433 602 519 687; x_wconf 88' lang='lat' dir='ltr'>qued</span> <span class='ocrx_word' id='word_1_6' title='bbox 541 609 573 697; x_wconf 77' lang='lat' dir='ltr'>et</span> <span class='ocrx_word' id='word_1_7' title='bbox 594 603 692 668; x_wconf 90' lang='lat' dir='ltr'>multo</span> <span class='ocrx_word' id='word_1_8' title='bbox 715 603 892 687; x_wconf 89' lang='lat' dir='ltr'>elegantius</span> <span class='ocrx_word' id='word_1_9' title='bbox 915 610 947 669; x_wconf 92' lang='lat' dir='ltr'>et</span> <span class='ocrx_word' id='word_1_10' title='bbox 968 600 1003 692; x_wconf 74' lang='grc' dir='ltr'>βν</span> <span class='ocrx_word' id='word_1_11' title='bbox 1019 597 1230 691; x_wconf 73' lang='grc' dir='ltr'><strong>ἤθειι110111111</strong></span> <span class='ocrx_word' id='word_1_12' title='bbox 1250 610 1306 671; x_wconf 91' lang='lat' dir='ltr'>est.</span> <span class='ocrx_word' id='word_1_13' title='bbox 1344 606 1471 689; x_wconf 90' lang='lat' dir='ltr'>quando</span> 
     </span>
    </p>
   </div>
   <div class='ocr_carea' id='block_1_3' title="bbox 185 707 1480 4662">
    <p class='ocr_par' dir='ltr' id='par_1_3' title="bbox 185 707 1471 1002">
     <span class='ocr_line' id='line_1_3' title="bbox 261 707 1471 794; baseline 0.002 -19"><span class='ocrx_word' id='word_1_14' title='bbox 261 709 401 794; x_wconf 74' lang='lat' dir='ltr'>placebit</span> <span class='ocrx_word' id='word_1_15' title='bbox 430 708 603 774; x_wconf 76' lang='lat' dir='ltr'><strong>editoribus</strong></span> <span class='ocrx_word' id='word_1_16' title='bbox 632 707 775 773; x_wconf 91' lang='lat' dir='ltr'>codicum</span> <span class='ocrx_word' id='word_1_17' title='bbox 802 710 895 792; x_wconf 88' lang='lat' dir='ltr'>longe</span> <span class='ocrx_word' id='word_1_18' title='bbox 925 709 1227 794; x_wconf 88' lang='lat' dir='ltr'>antiquissimorum,</span> <span class='ocrx_word' id='word_1_19' title='bbox 1256 710 1276 774; x_wconf 89' lang='lat' dir='ltr'>i.</span> <span class='ocrx_word' id='word_1_20' title='bbox 1300 729 1328 776; x_wconf 90' lang='lat' dir='ltr'>c.</span> <span class='ocrx_word' id='word_1_21' title='bbox 1363 731 1471 776; x_wconf 91' lang='lat' dir='ltr'>eorum</span> 
     </span>
     <span class='ocr_line' id='line_1_4' title="bbox 185 813 1471 900; baseline 0.002 -22"><span class='ocrx_word' id='word_1_22' title='bbox 185 829 196 838; x_wconf 84' lang='grc'><strong><em>·</em></strong></span> <span class='ocrx_word' id='word_1_23' title='bbox 263 814 376 896; x_wconf 90' lang='lat' dir='ltr'>quibus</span> <span class='ocrx_word' id='word_1_24' title='bbox 399 813 597 898; x_wconf 90' lang='lat' dir='ltr'>grammatici</span> <span class='ocrx_word' id='word_1_25' title='bbox 619 819 743 880; x_wconf 87' lang='lat' dir='ltr'>veteres</span> <span class='ocrx_word' id='word_1_26' title='bbox 766 814 816 880; x_wconf 92' lang='lat' dir='ltr'>usi</span> <span class='ocrx_word' id='word_1_27' title='bbox 837 820 921 898; x_wconf 87' lang='lat' dir='ltr'>sunt,</span> <span class='ocrx_word' id='word_1_28' title='bbox 943 814 1095 880; x_wconf 89' lang='lat' dir='ltr'>lectiones</span> <span class='ocrx_word' id='word_1_29' title='bbox 1109 814 1220 897; x_wconf 89' lang='lat' dir='ltr'>plenas</span> <span class='ocrx_word' id='word_1_30' title='bbox 1235 815 1268 880; x_wconf 95' lang='lat' dir='ltr'>in</span> <span class='ocrx_word' id='word_1_31' title='bbox 1282 814 1471 900; x_wconf 80' lang='lat' dir='ltr'>adparatum</span> 
     </span>
     <span class='ocr_line' id='line_1_5' title="bbox 262 918 589 1002; baseline -0.003 -19"><span class='ocrx_word' id='word_1_32' title='bbox 262 919 403 988; x_wconf 83' lang='lat' dir='ltr'>criticum</span> <span class='ocrx_word' id='word_1_33' title='bbox 424 918 589 1002; x_wconf 81' lang='lat' dir='ltr'>recipere?</span> 
     </span>
    </p>

    <p class='ocr_par' dir='ltr' id='par_1_4' title="bbox 261 1022 1471 1412">
     <span class='ocr_line' id='line_1_6' title="bbox 348 1022 1471 1109; baseline 0.004 -24"><span class='ocrx_word' id='word_1_34' title='bbox 348 1022 497 1109; x_wconf 92' lang='lat' dir='ltr'>Hippol.</span> <span class='ocrx_word' id='word_1_35' title='bbox 522 1028 594 1088; x_wconf 79' lang='lat'>324.</span> <span class='ocrx_word' id='word_1_36' title='bbox 645 1023 750 1088; x_wconf 88' lang='lat' dir='ltr'>nutrix</span> <span class='ocrx_word' id='word_1_37' title='bbox 772 1023 951 1089; x_wconf 85' lang='lat' dir='ltr'>Phaedram</span> <span class='ocrx_word' id='word_1_38' title='bbox 980 1024 1130 1108; x_wconf 81' lang='lat' dir='ltr'>conpellit</span> <span class='ocrx_word' id='word_1_39' title='bbox 1155 1030 1191 1088; x_wconf 90' lang='lat' dir='ltr'>ut</span> <span class='ocrx_word' id='word_1_40' title='bbox 1217 1024 1319 1089; x_wconf 87' lang='lat' dir='ltr'>morbi</span> <span class='ocrx_word' id='word_1_41' title='bbox 1341 1045 1471 1090; x_wconf 89' lang='lat' dir='ltr'>causam</span> 
     </span>
     <span class='ocr_line' id='line_1_7' title="bbox 261 1127 1029 1193; baseline 0.003 -2"><span class='ocrx_word' id='word_1_42' title='bbox 261 1127 406 1193; x_wconf 84' lang='lat' dir='ltr'>fateatur.</span> <span class='ocrx_word' id='word_1_43' title='bbox 970 1151 972 1158; x_wconf 70' lang='grc'><em>’</em></span> <span class='ocrx_word' id='word_1_44' title='bbox 1027 1163 1029 1172; x_wconf 75' lang='lat'>=</span> 
     </span>
     <span class='ocr_line' id='line_1_8' title="bbox 460 1209 1328 1302; baseline 0.002 -26"><span class='ocrx_word' id='word_1_45' title='bbox 460 1217 556 1278; x_wconf 81' lang='lat' dir='ltr'>oAI.</span> <span class='ocrx_word' id='word_1_46' title='bbox 601 1209 639 1278; x_wconf 74' lang='grc' dir='ltr'>ἔα</span> <span class='ocrx_word' id='word_1_47' title='bbox 658 1214 691 1296; x_wconf 78' lang='grc' dir='ltr'>μ’</span> <span class='ocrx_word' id='word_1_48' title='bbox 714 1209 881 1298; x_wconf 83' lang='grc' dir='ltr'><em>ἁμαρτεῖν,</em></span> <span class='ocrx_word' id='word_1_49' title='bbox 907 1211 943 1280; x_wconf 81' lang='grc' dir='ltr'>οὐ</span> <span class='ocrx_word' id='word_1_50' title='bbox 961 1213 1020 1302; x_wconf 91' lang='grc' dir='ltr'>γὰρ</span> <span class='ocrx_word' id='word_1_51' title='bbox 1041 1212 1074 1294; x_wconf 76' lang='grc' dir='ltr'>ἐς</span> <span class='ocrx_word' id='word_1_52' title='bbox 1095 1211 1132 1279; x_wconf 81' lang='grc' dir='ltr'>οὲ</span> <span class='ocrx_word' id='word_1_53' title='bbox 1154 1209 1328 1298; x_wconf 80' lang='grc' dir='ltr'><em>ἁμαρτάνω</em></span> 
     </span>
     <span class='ocr_line' id='line_1_9' title="bbox 440 1312 1332 1412; baseline 0.004 -32"><span class='ocrx_word' id='word_1_54' title='bbox 440 1407 442 1412; x_wconf 23' lang='grc' dir='ltr'>Ι</span> <span class='ocrx_word' id='word_1_55' title='bbox 492 1321 555 1383; x_wconf 87' lang='grc' dir='ltr'>ΤΡ.</span> <span class='ocrx_word' id='word_1_56' title='bbox 600 1314 636 1384; x_wconf 79' lang='grc' dir='ltr'>οὗ</span> <span class='ocrx_word' id='word_1_57' title='bbox 659 1318 734 1406; x_wconf 75' lang='grc' dir='ltr'>δῆθ’</span> <span class='ocrx_word' id='word_1_58' title='bbox 758 1312 874 1384; x_wconf 79' lang='grc' dir='ltr'><em>ἑκοῦσα</em></span> <span class='ocrx_word' id='word_1_59' title='bbox 897 1321 924 1404; x_wconf 91' lang='grc' dir='ltr'>γ’</span> <span class='ocrx_word' id='word_1_60' title='bbox 947 1317 980 1384; x_wconf 81' lang='grc' dir='ltr'>ἐν</span> <span class='ocrx_word' id='word_1_61' title='bbox 1002 1317 1038 1385; x_wconf 80' lang='grc' dir='ltr'>δὲ</span> <span class='ocrx_word' id='word_1_62' title='bbox 1061 1317 1114 1388; x_wconf 79' lang='grc' dir='ltr'>σοὶ</span> <span class='ocrx_word' id='word_1_63' title='bbox 1137 1315 1332 1405; x_wconf 80' lang='grc' dir='ltr'><strong><em>λελείψομαι</em></strong></span> 
     </span>
    </p>

    <p class='ocr_par' dir='ltr' id='par_1_5' title="bbox 254 1417 1469 3388">
     <span class='ocr_line' id='line_1_10' title="bbox 348 1417 1241 1511; baseline -0.002 -22"><span class='ocrx_word' id='word_1_64' title='bbox 348 1431 410 1490; x_wconf 81' lang='lat'>325</span> <span class='ocrx_word' id='word_1_65' title='bbox 459 1425 554 1488; x_wconf 78' lang='lat' dir='ltr'>‹nAu</span> <span class='ocrx_word' id='word_1_66' title='bbox 598 1417 632 1486; x_wconf 82' lang='grc' dir='ltr'>σι’</span> <span class='ocrx_word' id='word_1_67' title='bbox 654 1423 750 1510; x_wconf 67' lang='lat' dir='ltr'>deduc,-</span> <span class='ocrx_word' id='word_1_68' title='bbox 779 1417 883 1506; x_wconf 80' lang='grc' dir='ltr'><em>βιάζει</em></span> <span class='ocrx_word' id='word_1_69' title='bbox 905 1421 1012 1510; x_wconf 87' lang='grc' dir='ltr'><em>χειρὸς</em></span> <span class='ocrx_word' id='word_1_70' title='bbox 1032 1421 1241 1511; x_wconf 72' lang='grc' dir='ltr'><em>ἐξηρτημένη,</em></span> 
     </span>
     <span class='ocr_line' id='line_1_11' title="bbox 259 1528 1468 1612; baseline 0.002 -19"><span class='ocrx_word' id='word_1_71' title='bbox 259 1529 389 1594; x_wconf 92' lang='lat' dir='ltr'>nutricis</span> <span class='ocrx_word' id='word_1_72' title='bbox 423 1549 535 1594; x_wconf 88' lang='lat' dir='ltr'>versus</span> <span class='ocrx_word' id='word_1_73' title='bbox 568 1528 704 1594; x_wconf 86' lang='lat' dir='ltr'>intactus</span> <span class='ocrx_word' id='word_1_74' title='bbox 738 1529 873 1611; x_wconf 85' lang='lat' dir='ltr'>relinqui</span> <span class='ocrx_word' id='word_1_75' title='bbox 904 1529 1000 1612; x_wconf 90' lang='lat' dir='ltr'>solet,</span> <span class='ocrx_word' id='word_1_76' title='bbox 1036 1528 1131 1594; x_wconf 91' lang='lat' dir='ltr'>credo</span> <span class='ocrx_word' id='word_1_77' title='bbox 1158 1535 1319 1611; x_wconf 87' lang='lat' dir='ltr'>tamquam</span> <span class='ocrx_word' id='word_1_78' title='bbox 1348 1530 1468 1596; x_wconf 88' lang='lat' dir='ltr'>concla-</span> 
     </span>
     <span class='ocr_line' id='line_1_12' title="bbox 259 1631 1469 1717; baseline 0.003 -21"><span class='ocrx_word' id='word_1_79' title='bbox 259 1639 371 1698; x_wconf 89' lang='lat' dir='ltr'>matus.</span> <span class='ocrx_word' id='word_1_80' title='bbox 424 1633 633 1698; x_wconf 75' lang='lat' dir='ltr'>recentiorum</span> <span class='ocrx_word' id='word_1_81' title='bbox 661 1633 745 1699; x_wconf 90' lang='lat' dir='ltr'>enim</span> <span class='ocrx_word' id='word_1_82' title='bbox 773 1633 1006 1717; x_wconf 83' lang='lat' dir='ltr'>explicationes</span> <span class='ocrx_word' id='word_1_83' title='bbox 1036 1641 1090 1698; x_wconf 93' lang='lat' dir='ltr'>aut</span> <span class='ocrx_word' id='word_1_84' title='bbox 1121 1631 1253 1698; x_wconf 90' lang='lat' dir='ltr'>eaedem</span> <span class='ocrx_word' id='word_1_85' title='bbox 1281 1639 1353 1698; x_wconf 91' lang='lat' dir='ltr'>sunt</span> <span class='ocrx_word' id='word_1_86' title='bbox 1374 1640 1469 1716; x_wconf 89' lang='lat' dir='ltr'>atque</span> 
     </span>
     <span class='ocr_line' id='line_1_13' title="bbox 258 1736 1468 1822; baseline 0.001 -20"><span class='ocrx_word' id='word_1_87' title='bbox 258 1742 382 1803; x_wconf 88' lang='lat' dir='ltr'>veteres</span> <span class='ocrx_word' id='word_1_88' title='bbox 417 1743 471 1802; x_wconf 89' lang='lat' dir='ltr'>aut</span> <span class='ocrx_word' id='word_1_89' title='bbox 497 1737 635 1822; x_wconf 81' lang='lat' dir='ltr'>peiores,</span> <span class='ocrx_word' id='word_1_90' title='bbox 669 1737 883 1802; x_wconf 83' lang='lat' dir='ltr'>intolerabiles</span> <span class='ocrx_word' id='word_1_91' title='bbox 916 1758 1034 1804; x_wconf 89' lang='lat' dir='ltr'>omnes.</span> <span class='ocrx_word' id='word_1_92' title='bbox 1089 1737 1259 1802; x_wconf 82' lang='lat' dir='ltr'>scholiasta</span> <span class='ocrx_word' id='word_1_93' title='bbox 1289 1736 1468 1803; x_wconf 86' lang='lat' dir='ltr'>Marcianus</span> 
     </span>
     <span class='ocr_line' id='line_1_14' title="bbox 258 1838 1469 1928; baseline -0.001 -22"><span class='ocrx_word' id='word_1_94' title='bbox 258 1840 478 1927; x_wconf 90' lang='lat' dir='ltr'>(dissolvenda</span> <span class='ocrx_word' id='word_1_95' title='bbox 500 1842 583 1908; x_wconf 89' lang='lat' dir='ltr'>enim</span> <span class='ocrx_word' id='word_1_96' title='bbox 606 1848 678 1907; x_wconf 92' lang='lat' dir='ltr'>sunt</span> <span class='ocrx_word' id='word_1_97' title='bbox 700 1862 782 1924; x_wconf 89' lang='lat' dir='ltr'>quae</span> <span class='ocrx_word' id='word_1_98' title='bbox 805 1842 928 1908; x_wconf 86' lang='lat' dir='ltr'>consuit</span> <span class='ocrx_word' id='word_1_99' title='bbox 949 1840 1147 1928; x_wconf 83' lang='lat' dir='ltr'>Dindorfius)</span> <span class='ocrx_word' id='word_1_100' title='bbox 1174 1838 1391 1926; x_wconf 78' lang='grc' dir='ltr'><em>ἑξαριήσομαί</em></span> <span class='ocrx_word' id='word_1_101' title='bbox 1410 1862 1469 1907; x_wconf 94' lang='grc' dir='ltr'>σου</span> 
     </span>
     <span class='ocr_line' id='line_1_15' title="bbox 256 1941 1469 2034; baseline 0.002 -25"><span class='ocrx_word' id='word_1_102' title='bbox 256 1950 296 2034; x_wconf 75' lang='grc' dir='ltr'>τῇ</span> <span class='ocrx_word' id='word_1_103' title='bbox 319 1941 436 2034; x_wconf 73' lang='grc' dir='ltr'><em>ἱκεσίᾳ.</em></span> <span class='ocrx_word' id='word_1_104' title='bbox 482 1953 590 2031; x_wconf 89' lang='lat' dir='ltr'>aptum</span> <span class='ocrx_word' id='word_1_105' title='bbox 613 1946 708 2030; x_wconf 86' lang='lat' dir='ltr'>foret,</span> <span class='ocrx_word' id='word_1_106' title='bbox 738 1946 796 2012; x_wconf 91' lang='lat' dir='ltr'>sed</span> <span class='ocrx_word' id='word_1_107' title='bbox 818 1946 924 2012; x_wconf 90' lang='lat' dir='ltr'>verbis</span> <span class='ocrx_word' id='word_1_108' title='bbox 946 1947 1033 2012; x_wconf 93' lang='lat' dir='ltr'>nullo</span> <span class='ocrx_word' id='word_1_109' title='bbox 1055 1952 1148 2030; x_wconf 88' lang='lat' dir='ltr'>paeto</span> <span class='ocrx_word' id='word_1_110' title='bbox 1170 1947 1276 2012; x_wconf 89' lang='lat' dir='ltr'>inesse</span> <span class='ocrx_word' id='word_1_111' title='bbox 1297 1952 1410 2030; x_wconf 85' lang='lat' dir='ltr'>potest</span> <span class='ocrx_word' id='word_1_112' title='bbox 1449 1943 1469 2034; x_wconf 80' lang='grc' dir='ltr'>ἢ</span> 
     </span>
     <span class='ocr_line' id='line_1_16' title="bbox 258 2045 1467 2135; baseline 0.002 -19"><span class='ocrx_word' id='word_1_113' title='bbox 258 2048 291 2116; x_wconf 80' lang='grc' dir='ltr'>ἐν</span> <span class='ocrx_word' id='word_1_114' title='bbox 324 2047 377 2114; x_wconf 83' lang='lat' dir='ltr'>ool</span> <span class='ocrx_word' id='word_1_115' title='bbox 409 2047 464 2115; x_wconf 84' lang='grc' dir='ltr'>τὸν</span> <span class='ocrx_word' id='word_1_116' title='bbox 490 2046 564 2134; x_wconf 81' lang='grc' dir='ltr'><em>βίον</em></span> <span class='ocrx_word' id='word_1_117' title='bbox 589 2045 704 2135; x_wconf 75' lang='grc' dir='ltr'><em>λείψω.</em></span> <span class='ocrx_word' id='word_1_118' title='bbox 752 2051 813 2116; x_wconf 92' lang='lat' dir='ltr'>hoc</span> <span class='ocrx_word' id='word_1_119' title='bbox 842 2050 918 2133; x_wconf 90' lang='lat' dir='ltr'>quid</span> <span class='ocrx_word' id='word_1_120' title='bbox 949 2051 1009 2116; x_wconf 93' lang='lat' dir='ltr'>sibi</span> <span class='ocrx_word' id='word_1_121' title='bbox 1038 2051 1116 2116; x_wconf 89' lang='lat' dir='ltr'>velit</span> <span class='ocrx_word' id='word_1_122' title='bbox 1146 2051 1258 2116; x_wconf 89' lang='lat' dir='ltr'>melius</span> <span class='ocrx_word' id='word_1_123' title='bbox 1286 2071 1325 2116; x_wconf 89' lang='lat' dir='ltr'>cx</span> <span class='ocrx_word' id='word_1_124' title='bbox 1348 2051 1467 2118; x_wconf 90' lang='lat' dir='ltr'>scholio</span> 
     </span>
     <span class='ocr_line' id='line_1_17' title="bbox 257 2141 1468 2242; baseline -0.002 -20"><span class='ocrx_word' id='word_1_125' title='bbox 257 2157 400 2222; x_wconf 82' lang='lat' dir='ltr'>Parisino</span> <span class='ocrx_word' id='word_1_126' title='bbox 418 2141 449 2220; x_wconf 87' lang='grc' dir='ltr'>Β</span> <span class='ocrx_word' id='word_1_127' title='bbox 472 2154 538 2242; x_wconf 78' lang='lat' dir='ltr'>(W.</span> <span class='ocrx_word' id='word_1_128' title='bbox 563 2154 639 2242; x_wconf 82' lang='lat'>231)</span> <span class='ocrx_word' id='word_1_129' title='bbox 668 2155 881 2239; x_wconf 78' lang='lat' dir='ltr'>cognoscitur:</span> <span class='ocrx_word' id='word_1_130' title='bbox 916 2153 949 2219; x_wconf 77' lang='grc' dir='ltr'>ἐν</span> <span class='ocrx_word' id='word_1_131' title='bbox 977 2151 1031 2220; x_wconf 85' lang='grc' dir='ltr'><em>σοι’</em></span> <span class='ocrx_word' id='word_1_132' title='bbox 1053 2153 1123 2220; x_wconf 79' lang='grc' dir='ltr'><em>ἐστι</em></span> <span class='ocrx_word' id='word_1_133' title='bbox 1145 2153 1183 2220; x_wconf 81' lang='grc' dir='ltr'>τὸ</span> <span class='ocrx_word' id='word_1_134' title='bbox 1204 2153 1272 2242; x_wconf 78' lang='grc' dir='ltr'><em>ζῆν·</em></span> <span class='ocrx_word' id='word_1_135' title='bbox 1307 2151 1336 2220; x_wconf 81' lang='grc' dir='ltr'><em>εἰ</em></span> <span class='ocrx_word' id='word_1_136' title='bbox 1357 2149 1468 2239; x_wconf 79' lang='grc' dir='ltr'><em>βούλει</em></span> 
     </span>
     <span class='ocr_line' id='line_1_18' title="bbox 255 2253 1467 2347; baseline -0.001 -22"><span class='ocrx_word' id='word_1_137' title='bbox 255 2284 296 2343; x_wconf 88' lang='grc' dir='ltr'><em>με</em></span> <span class='ocrx_word' id='word_1_138' title='bbox 318 2254 488 2347; x_wconf 82' lang='grc' dir='ltr'><em>φόνευσον,</em></span> <span class='ocrx_word' id='word_1_139' title='bbox 511 2256 701 2346; x_wconf 80' lang='grc' dir='ltr'><em>συγχωρήσω</em></span> <span class='ocrx_word' id='word_1_140' title='bbox 724 2253 792 2344; x_wconf 88' lang='grc' dir='ltr'><em>γάρ.</em></span> <span class='ocrx_word' id='word_1_141' title='bbox 837 2259 923 2341; x_wconf 91' lang='lat' dir='ltr'>quod</span> <span class='ocrx_word' id='word_1_142' title='bbox 945 2259 1034 2324; x_wconf 93' lang='lat' dir='ltr'>nihili</span> <span class='ocrx_word' id='word_1_143' title='bbox 1057 2266 1113 2326; x_wconf 91' lang='lat' dir='ltr'>est.</span> <span class='ocrx_word' id='word_1_144' title='bbox 1151 2260 1255 2344; x_wconf 91' lang='lat' dir='ltr'>pergit</span> <span class='ocrx_word' id='word_1_145' title='bbox 1274 2259 1467 2326; x_wconf 90' lang='lat' dir='ltr'>Marcianus:</span> 
     </span>
     <span class='ocr_line' id='line_1_19' title="bbox 256 2354 1467 2452; baseline -0.002 -22"><span class='ocrx_word' id='word_1_146' title='bbox 256 2360 351 2452; x_wconf 79' lang='grc' dir='ltr'><em>εἰμὴ</em></span> <span class='ocrx_word' id='word_1_147' title='bbox 373 2359 452 2450; x_wconf 75' lang='lat' dir='ltr'>dioc,</span> <span class='ocrx_word' id='word_1_148' title='bbox 475 2359 570 2450; x_wconf 86' lang='grc' dir='ltr'><em>φησί,</em></span> <span class='ocrx_word' id='word_1_149' title='bbox 601 2357 682 2447; x_wconf 84' lang='grc' dir='ltr'><em>μετά</em></span> <span class='ocrx_word' id='word_1_150' title='bbox 703 2386 793 2440; x_wconf 83' lang='grc' dir='ltr'><em>τινος</em></span> <span class='ocrx_word' id='word_1_151' title='bbox 819 2355 958 2449; x_wconf 86' lang='grc' dir='ltr'><em>άνάγκης</em></span> <span class='ocrx_word' id='word_1_152' title='bbox 980 2354 1018 2427; x_wconf 76' lang='grc' dir='ltr'>οὗ</span> <span class='ocrx_word' id='word_1_153' title='bbox 1042 2361 1233 2450; x_wconf 79' lang='grc' dir='ltr'><em>συγχωρήσω</em></span> <span class='ocrx_word' id='word_1_154' title='bbox 1255 2355 1320 2429; x_wconf 75' lang='grc' dir='ltr'>οὐδ’</span> <span class='ocrx_word' id='word_1_155' title='bbox 1343 2354 1467 2428; x_wconf 72' lang='lat' dir='ltr'>einold-</span> 
     </span>
     <span class='ocr_line' id='line_1_20' title="bbox 257 2466 1466 2552; baseline 0 -20"><span class='ocrx_word' id='word_1_156' title='bbox 257 2489 364 2551; x_wconf 88' lang='grc' dir='ltr'><em>σομαι.</em></span> <span class='ocrx_word' id='word_1_157' title='bbox 420 2468 588 2552; x_wconf 80' lang='lat' dir='ltr'>temptavit</span> <span class='ocrx_word' id='word_1_158' title='bbox 625 2467 722 2552; x_wconf 91' lang='lat' dir='ltr'>igitur</span> <span class='ocrx_word' id='word_1_159' title='bbox 756 2466 890 2532; x_wconf 90' lang='lat' dir='ltr'>eandem</span> <span class='ocrx_word' id='word_1_160' title='bbox 924 2467 1069 2550; x_wconf 88' lang='lat' dir='ltr'>quamvis</span> <span class='ocrx_word' id='word_1_161' title='bbox 1102 2469 1220 2532; x_wconf 90' lang='lat' dir='ltr'>malam</span> <span class='ocrx_word' id='word_1_162' title='bbox 1254 2469 1466 2533; x_wconf 90' lang='lat' dir='ltr'>coniecturam</span> 
     </span>
     <span class='ocr_line' id='line_1_21' title="bbox 255 2562 1467 2659; baseline 0 -21"><span class='ocrx_word' id='word_1_163' title='bbox 255 2579 350 2655; x_wconf 89' lang='lat' dir='ltr'>atque</span> <span class='ocrx_word' id='word_1_164' title='bbox 372 2572 531 2657; x_wconf 81' lang='lat' dir='ltr'>Scaliger:</span> <span class='ocrx_word' id='word_1_165' title='bbox 559 2562 595 2636; x_wconf 79' lang='grc' dir='ltr'>οὗ</span> <span class='ocrx_word' id='word_1_166' title='bbox 616 2565 832 2659; x_wconf 57' lang='lat' dir='ltr'>testatae</span> <span class='ocrx_word' id='word_1_167' title='bbox 856 2571 882 2656; x_wconf 95' lang='grc' dir='ltr'>γ’</span> <span class='ocrx_word' id='word_1_168' title='bbox 899 2563 974 2638; x_wconf 77' lang='grc' dir='ltr'><em>οὐδέ</em></span> <span class='ocrx_word' id='word_1_169' title='bbox 988 2593 1046 2636; x_wconf 92' lang='grc' dir='ltr'>σου</span> <span class='ocrx_word' id='word_1_170' title='bbox 1064 2567 1267 2658; x_wconf 77' lang='grc' dir='ltr'><em>λελείψομαι.</em></span> <span class='ocrx_word' id='word_1_171' title='bbox 1305 2573 1338 2636; x_wconf 92' lang='lat' dir='ltr'>in</span> <span class='ocrx_word' id='word_1_172' title='bbox 1353 2578 1467 2656; x_wconf 88' lang='lat' dir='ltr'>quarta</span> 
     </span>
     <span class='ocr_line' id='line_1_22' title="bbox 255 2673 1467 2762; baseline -0.001 -20"><span class='ocrx_word' id='word_1_173' title='bbox 255 2678 465 2762; x_wconf 87' lang='lat' dir='ltr'>explicatione</span> <span class='ocrx_word' id='word_1_174' title='bbox 480 2677 667 2742; x_wconf 80' lang='lat' dir='ltr'>Vaticanum</span> <span class='ocrx_word' id='word_1_175' title='bbox 688 2676 829 2758; x_wconf 85' lang='lat' dir='ltr'>scholion</span> <span class='ocrx_word' id='word_1_176' title='bbox 853 2683 884 2741; x_wconf 91' lang='lat' dir='ltr'>et</span> <span class='ocrx_word' id='word_1_177' title='bbox 899 2675 1130 2742; x_wconf 87' lang='lat' dir='ltr'>Valckenarius</span> <span class='ocrx_word' id='word_1_178' title='bbox 1151 2676 1348 2742; x_wconf 89' lang='lat' dir='ltr'>consentiunt</span> <span class='ocrx_word' id='word_1_179' title='bbox 1363 2673 1397 2742; x_wconf 78' lang='grc' dir='ltr'>ἐν</span> <span class='ocrx_word' id='word_1_180' title='bbox 1413 2674 1467 2741; x_wconf 84' lang='grc' dir='ltr'>σοὶ</span> 
     </span>
     <span class='ocr_line' id='line_1_23' title="bbox 254 2777 1465 2869; baseline 0 -24"><span class='ocrx_word' id='word_1_181' title='bbox 254 2777 559 2869; x_wconf 76' lang='grc' dir='ltr'><em>κασαλειφθήσομαι</em></span> <span class='ocrx_word' id='word_1_182' title='bbox 593 2781 791 2862; x_wconf 77' lang='lat' dir='ltr'>acquiescam</span> <span class='ocrx_word' id='word_1_183' title='bbox 815 2782 852 2844; x_wconf 83' lang='grc' dir='ltr'><em>ε’νε</em></span> <span class='ocrx_word' id='word_1_184' title='bbox 880 2782 1090 2846; x_wconf 75' lang='grc'><strong>1101111010.</strong></span> <span class='ocrx_word' id='word_1_185' title='bbox 1144 2780 1228 2863; x_wconf 90' lang='lat' dir='ltr'>quod</span> <span class='ocrx_word' id='word_1_186' title='bbox 1259 2781 1398 2846; x_wconf 91' lang='lat' dir='ltr'>omnium</span> <span class='ocrx_word' id='word_1_187' title='bbox 1420 2781 1465 2845; x_wconf 92' lang='lat' dir='ltr'>in-</span> 
     </span>
     <span class='ocr_line' id='line_1_24' title="bbox 259 2884 1466 2970; baseline -0.003 -18"><span class='ocrx_word' id='word_1_188' title='bbox 259 2886 456 2970; x_wconf 91' lang='lat' dir='ltr'>eptissimum</span> <span class='ocrx_word' id='word_1_189' title='bbox 474 2892 530 2952; x_wconf 91' lang='lat' dir='ltr'>est.</span> <span class='ocrx_word' id='word_1_190' title='bbox 567 2885 654 2950; x_wconf 92' lang='lat' dir='ltr'>nulla</span> <span class='ocrx_word' id='word_1_191' title='bbox 676 2885 773 2968; x_wconf 91' lang='lat' dir='ltr'>igitur</span> <span class='ocrx_word' id='word_1_192' title='bbox 793 2885 884 2950; x_wconf 91' lang='lat' dir='ltr'>nobis</span> <span class='ocrx_word' id='word_1_193' title='bbox 908 2884 1049 2951; x_wconf 91' lang='lat' dir='ltr'>subsidia</span> <span class='ocrx_word' id='word_1_194' title='bbox 1063 2885 1125 2950; x_wconf 88' lang='lat' dir='ltr'>nisi</span> <span class='ocrx_word' id='word_1_195' title='bbox 1139 2885 1172 2948; x_wconf 91' lang='lat' dir='ltr'>in</span> <span class='ocrx_word' id='word_1_196' title='bbox 1186 2885 1324 2969; x_wconf 86' lang='lat' dir='ltr'>ingenio.</span> <span class='ocrx_word' id='word_1_197' title='bbox 1359 2892 1466 2949; x_wconf 91' lang='lat' dir='ltr'>tenen-</span> 
     </span>
     <span class='ocr_line' id='line_1_25' title="bbox 257 2983 1465 3075; baseline -0.002 -21"><span class='ocrx_word' id='word_1_198' title='bbox 257 2990 332 3054; x_wconf 91' lang='lat' dir='ltr'>dum</span> <span class='ocrx_word' id='word_1_199' title='bbox 360 2997 466 3056; x_wconf 90' lang='lat' dir='ltr'>autern</span> <span class='ocrx_word' id='word_1_200' title='bbox 489 2997 537 3056; x_wconf 92' lang='lat' dir='ltr'>est</span> <span class='ocrx_word' id='word_1_201' title='bbox 559 3009 630 3056; x_wconf 91' lang='lat' dir='ltr'>cum</span> <span class='ocrx_word' id='word_1_202' title='bbox 652 2989 812 3075; x_wconf 89' lang='lat' dir='ltr'>plerisque</span> <span class='ocrx_word' id='word_1_203' title='bbox 834 2990 1040 3074; x_wconf 89' lang='lat' dir='ltr'>interpretum</span> <span class='ocrx_word' id='word_1_204' title='bbox 1062 2987 1104 3054; x_wconf 92' lang='lat' dir='ltr'>ad</span> <span class='ocrx_word' id='word_1_205' title='bbox 1127 2983 1243 3054; x_wconf 79' lang='grc' dir='ltr'><em>ἑκοῦσά</em></span> <span class='ocrx_word' id='word_1_206' title='bbox 1266 2988 1293 3072; x_wconf 85' lang='grc' dir='ltr'>γ’</span> <span class='ocrx_word' id='word_1_207' title='bbox 1319 2989 1465 3074; x_wconf 90' lang='lat' dir='ltr'>supplen-</span> 
     </span>
     <span class='ocr_line' id='line_1_26' title="bbox 257 3088 1467 3179; baseline 0 -21"><span class='ocrx_word' id='word_1_208' title='bbox 257 3093 331 3159; x_wconf 90' lang='lat' dir='ltr'>dum</span> <span class='ocrx_word' id='word_1_209' title='bbox 358 3115 429 3162; x_wconf 88' lang='lat' dir='ltr'>esse</span> <span class='ocrx_word' id='word_1_210' title='bbox 456 3088 667 3178; x_wconf 81' lang='grc' dir='ltr'><em>ἁμαρτάνεις,</em></span> <span class='ocrx_word' id='word_1_211' title='bbox 699 3094 816 3178; x_wconf 92' lang='lat' dir='ltr'>opponi</span> <span class='ocrx_word' id='word_1_212' title='bbox 844 3094 940 3158; x_wconf 87' lang='lat' dir='ltr'>alium</span> <span class='ocrx_word' id='word_1_213' title='bbox 971 3093 1124 3179; x_wconf 85' lang='lat' dir='ltr'>peccandi</span> <span class='ocrx_word' id='word_1_214' title='bbox 1154 3093 1298 3178; x_wconf 91' lang='lat' dir='ltr'>modum,</span> <span class='ocrx_word' id='word_1_215' title='bbox 1331 3092 1467 3178; x_wconf 86' lang='lat' dir='ltr'>proferri</span> 
     </span>
     <span class='ocr_line' id='line_1_27' title="bbox 256 3197 1466 3282; baseline 0 -19"><span class='ocrx_word' id='word_1_216' title='bbox 256 3205 363 3263; x_wconf 91' lang='lat' dir='ltr'>autem</span> <span class='ocrx_word' id='word_1_217' title='bbox 385 3199 498 3282; x_wconf 91' lang='lat' dir='ltr'>quibus</span> <span class='ocrx_word' id='word_1_218' title='bbox 519 3197 686 3263; x_wconf 89' lang='lat' dir='ltr'>Phaedrae</span> <span class='ocrx_word' id='word_1_219' title='bbox 709 3198 832 3264; x_wconf 88' lang='lat' dir='ltr'>animus</span> <span class='ocrx_word' id='word_1_220' title='bbox 847 3199 987 3282; x_wconf 85' lang='lat' dir='ltr'>graviter</span> <span class='ocrx_word' id='word_1_221' title='bbox 1002 3205 1250 3282; x_wconf 85' lang='lat' dir='ltr'>commoveatur,</span> <span class='ocrx_word' id='word_1_222' title='bbox 1274 3198 1367 3264; x_wconf 90' lang='lat' dir='ltr'>simul</span> <span class='ocrx_word' id='word_1_223' title='bbox 1382 3198 1466 3263; x_wconf 92' lang='lat' dir='ltr'>enim</span> 
     </span>
     <span class='ocr_line' id='line_1_28' title="bbox 256 3302 1467 3388; baseline 0.001 -21"><span class='ocrx_word' id='word_1_224' title='bbox 256 3323 383 3368; x_wconf 90' lang='lat' dir='ltr'>manum</span> <span class='ocrx_word' id='word_1_225' title='bbox 402 3303 469 3368; x_wconf 89' lang='lat' dir='ltr'>eius</span> <span class='ocrx_word' id='word_1_226' title='bbox 488 3303 593 3370; x_wconf 86' lang='lat' dir='ltr'>nutrix</span> <span class='ocrx_word' id='word_1_227' title='bbox 608 3302 784 3387; x_wconf 86' lang='lat' dir='ltr'>prehendit.</span> <span class='ocrx_word' id='word_1_228' title='bbox 823 3323 932 3368; x_wconf 90' lang='lat' dir='ltr'>omnes</span> <span class='ocrx_word' id='word_1_229' title='bbox 947 3303 1180 3387; x_wconf 90' lang='lat' dir='ltr'>probabilitatis</span> <span class='ocrx_word' id='word_1_230' title='bbox 1197 3322 1345 3368; x_wconf 89' lang='lat' dir='ltr'>numeros</span> <span class='ocrx_word' id='word_1_231' title='bbox 1361 3303 1467 3388; x_wconf 87' lang='lat' dir='ltr'>explet</span> 
     </span>
    </p>

    <p class='ocr_par' dir='ltr' id='par_1_6' title="bbox 431 3397 1253 3494">
     <span class='ocr_line' id='line_1_29' title="bbox 431 3397 1253 3494; baseline 0.002 -24"><span class='ocrx_word' id='word_1_232' title='bbox 431 3397 469 3471; x_wconf 84' lang='grc' dir='ltr'>οά</span> <span class='ocrx_word' id='word_1_233' title='bbox 491 3407 567 3494; x_wconf 74' lang='grc' dir='ltr'><em>δῆθ’</em></span> <span class='ocrx_word' id='word_1_234' title='bbox 591 3401 710 3472; x_wconf 74' lang='grc' dir='ltr'><em>ἑκοῦσά</em></span> <span class='ocrx_word' id='word_1_235' title='bbox 730 3407 774 3491; x_wconf 76' lang='grc' dir='ltr'>γ’,</span> <span class='ocrx_word' id='word_1_236' title='bbox 804 3403 832 3472; x_wconf 80' lang='grc' dir='ltr'><em>εἰ</em></span> <span class='ocrx_word' id='word_1_237' title='bbox 856 3404 892 3472; x_wconf 76' lang='grc' dir='ltr'>δὲ</span> <span class='ocrx_word' id='word_1_238' title='bbox 914 3410 972 3472; x_wconf 81' lang='grc' dir='ltr'>σοῦ</span> <span class='ocrx_word' id='word_1_239' title='bbox 992 3403 1187 3493; x_wconf 69' lang='grc' dir='ltr'><em>λελείψομαι</em></span> <span class='ocrx_word' id='word_1_240' title='bbox 1211 3445 1253 3454; x_wconf 92' lang='grc'>-</span> 
     </span>
    </p>

    <p class='ocr_par' dir='ltr' id='par_1_7' title="bbox 256 3511 1419 3598">
     <span class='ocr_line' id='line_1_30' title="bbox 256 3511 1419 3598; baseline -0.001 -21"><span class='ocrx_word' id='word_1_241' title='bbox 256 3511 407 3598; x_wconf 86' lang='lat' dir='ltr'>apodesis</span> <span class='ocrx_word' id='word_1_242' title='bbox 429 3512 499 3578; x_wconf 92' lang='lat' dir='ltr'>loeo</span> <span class='ocrx_word' id='word_1_243' title='bbox 522 3512 604 3578; x_wconf 90' lang='lat' dir='ltr'>aetio</span> <span class='ocrx_word' id='word_1_244' title='bbox 627 3512 842 3597; x_wconf 87' lang='lat' dir='ltr'>estproximo</span> <span class='ocrx_word' id='word_1_245' title='bbox 865 3511 1032 3578; x_wconf 89' lang='lat' dir='ltr'>Phaedrae</span> <span class='ocrx_word' id='word_1_246' title='bbox 1054 3512 1210 3577; x_wconf 87' lang='lat' dir='ltr'>versiculo</span> <span class='ocrx_word' id='word_1_247' title='bbox 1234 3511 1419 3596; x_wconf 85' lang='lat' dir='ltr'>significata.</span> 
     </span>
    </p>

    <p class='ocr_par' dir='ltr' id='par_1_8' title="bbox 256 3614 1465 3891">
     <span class='ocr_line' id='line_1_31' title="bbox 342 3614 1465 3700; baseline 0.002 -20"><span class='ocrx_word' id='word_1_248' title='bbox 342 3615 432 3682; x_wconf 89' lang='lat' dir='ltr'>Idem</span> <span class='ocrx_word' id='word_1_249' title='bbox 458 3617 547 3682; x_wconf 91' lang='lat' dir='ltr'>locus</span> <span class='ocrx_word' id='word_1_250' title='bbox 575 3622 694 3681; x_wconf 90' lang='lat' dir='ltr'>eertum</span> <span class='ocrx_word' id='word_1_251' title='bbox 724 3615 900 3680; x_wconf 90' lang='lat' dir='ltr'>remedium</span> <span class='ocrx_word' id='word_1_252' title='bbox 924 3615 1066 3700; x_wconf 86' lang='lat' dir='ltr'>suggerit</span> <span class='ocrx_word' id='word_1_253' title='bbox 1092 3635 1153 3699; x_wconf 91' lang='lat' dir='ltr'>quo</span> <span class='ocrx_word' id='word_1_254' title='bbox 1176 3614 1331 3681; x_wconf 89' lang='lat' dir='ltr'>Medeae</span> <span class='ocrx_word' id='word_1_255' title='bbox 1353 3636 1465 3682; x_wconf 89' lang='lat' dir='ltr'>versus</span> 
     </span>
     <span class='ocr_line' id='line_1_32' title="bbox 257 3718 1465 3786; baseline 0.002 -2"><span class='ocrx_word' id='word_1_256' title='bbox 257 3726 319 3785; x_wconf 80' lang='lat'>325</span> <span class='ocrx_word' id='word_1_257' title='bbox 355 3719 548 3786; x_wconf 88' lang='lat' dir='ltr'>emendetur.</span> <span class='ocrx_word' id='word_1_258' title='bbox 599 3719 715 3784; x_wconf 90' lang='lat' dir='ltr'>Medea</span> <span class='ocrx_word' id='word_1_259' title='bbox 742 3718 910 3784; x_wconf 77' lang='lat' dir='ltr'>Creontem</span> <span class='ocrx_word' id='word_1_260' title='bbox 940 3718 1190 3785; x_wconf 83' lang='lat' dir='ltr'>obsecraturus</span> <span class='ocrx_word' id='word_1_261' title='bbox 1218 3739 1253 3785; x_wconf 92' lang='lat' dir='ltr'>se</span> <span class='ocrx_word' id='word_1_262' title='bbox 1282 3720 1465 3786; x_wconf 89' lang='lat' dir='ltr'>inexilium</span> 
     </span>
     <span class='ocr_line' id='line_1_33' title="bbox 256 3824 391 3891; baseline 0.007 -3"><span class='ocrx_word' id='word_1_263' title='bbox 256 3824 391 3891; x_wconf 87' lang='lat' dir='ltr'>coniciat</span> 
     </span>
    </p>

    <p class='ocr_par' dir='ltr' id='par_1_9' title="bbox 342 3920 1267 4014">
     <span class='ocr_line' id='line_1_34' title="bbox 342 3920 1267 4014; baseline 0 -23"><span class='ocrx_word' id='word_1_264' title='bbox 342 3929 426 3993; x_wconf 87' lang='grc' dir='ltr'>ΜΗ.</span> <span class='ocrx_word' id='word_1_265' title='bbox 470 3925 513 4014; x_wconf 80' lang='grc' dir='ltr'>μὴ</span> <span class='ocrx_word' id='word_1_266' title='bbox 536 3927 616 4014; x_wconf 79' lang='grc' dir='ltr'><em>δῆσα</em></span> <span class='ocrx_word' id='word_1_267' title='bbox 634 3920 728 3993; x_wconf 77' lang='grc' dir='ltr'>σοῖσό</span> <span class='ocrx_word' id='word_1_268' title='bbox 750 3928 796 4012; x_wconf 87' lang='grc' dir='ltr'>γ’,</span> <span class='ocrx_word' id='word_1_269' title='bbox 818 3921 899 3992; x_wconf 70' lang='lat' dir='ltr'>datu</span> <span class='ocrx_word' id='word_1_270' title='bbox 922 3928 950 3992; x_wconf 90' lang='grc' dir='ltr'>σ’</span> <span class='ocrx_word' id='word_1_271' title='bbox 973 3921 1138 4008; x_wconf 78' lang='grc' dir='ltr'><em>αἰτοῦμαι,</em></span> <span class='ocrx_word' id='word_1_272' title='bbox 1162 3923 1267 4013; x_wconf 85' lang='grc' dir='ltr'><em>Κρέον</em></span> 
     </span>
    </p>

    <p class='ocr_par' dir='ltr' id='par_1_10' title="bbox 357 4023 1121 4116">
     <span class='ocr_line' id='line_1_35' title="bbox 357 4023 1121 4116; baseline -0.005 -19"><span class='ocrx_word' id='word_1_273' title='bbox 357 4034 425 4097; x_wconf 85' lang='grc' dir='ltr'>ΚΡ.</span> <span class='ocrx_word' id='word_1_274' title='bbox 470 4026 563 4112; x_wconf 72' lang='grc' dir='ltr'><em>ὄχλον</em></span> <span class='ocrx_word' id='word_1_275' title='bbox 585 4029 739 4116; x_wconf 79' lang='grc' dir='ltr'><em>παρέξεις</em></span> <span class='ocrx_word' id='word_1_276' title='bbox 760 4025 804 4108; x_wconf 82' lang='grc' dir='ltr'>ὡς</span> <span class='ocrx_word' id='word_1_277' title='bbox 827 4027 947 4111; x_wconf 69' lang='grc' dir='ltr'><em>ἔοικας,</em></span> <span class='ocrx_word' id='word_1_278' title='bbox 974 4023 1000 4096; x_wconf 81' lang='grc' dir='ltr'><em>ὦ</em></span> <span class='ocrx_word' id='word_1_279' title='bbox 1022 4024 1121 4114; x_wconf 79' lang='grc' dir='ltr'><em>γύναι.</em></span> 
     </span>
    </p>

    <p class='ocr_par' dir='ltr' id='par_1_11' title="bbox 343 4127 1239 4222">
     <span class='ocr_line' id='line_1_36' title="bbox 343 4127 1239 4222; baseline -0.006 -20"><span class='ocrx_word' id='word_1_280' title='bbox 343 4139 428 4202; x_wconf 88' lang='grc' dir='ltr'>ΜΗ.</span> <span class='ocrx_word' id='word_1_281' title='bbox 473 4131 683 4222; x_wconf 78' lang='grc' dir='ltr'><em>φευξούμεθ’,</em></span> <span class='ocrx_word' id='word_1_282' title='bbox 703 4127 740 4202; x_wconf 82' lang='grc' dir='ltr'>οὗ</span> <span class='ocrx_word' id='word_1_283' title='bbox 762 4135 854 4201; x_wconf 74' lang='grc' dir='ltr'><em>τοῦθ’</em></span> <span class='ocrx_word' id='word_1_284' title='bbox 877 4131 1025 4200; x_wconf 76' lang='grc' dir='ltr'><em>λκέτευσά</em></span> <span class='ocrx_word' id='word_1_285' title='bbox 1048 4155 1106 4199; x_wconf 89' lang='grc' dir='ltr'>σου</span> <span class='ocrx_word' id='word_1_286' title='bbox 1125 4137 1239 4217; x_wconf 84' lang='grc' dir='ltr'><em>τυχεῖν,</em></span> 
     </span>
    </p>

    <p class='ocr_par' dir='ltr' id='par_1_12' title="bbox 255 4230 1480 4662">
     <span class='ocr_line' id='line_1_37' title="bbox 360 4230 1233 4321; baseline 0.001 -18"><span class='ocrx_word' id='word_1_287' title='bbox 360 4241 427 4304; x_wconf 87' lang='lat' dir='ltr'>KP.</span> <span class='ocrx_word' id='word_1_288' title='bbox 471 4235 505 4304; x_wconf 81' lang='grc' dir='ltr'>σι’</span> <span class='ocrx_word' id='word_1_289' title='bbox 527 4240 554 4305; x_wconf 79' lang='grc' dir='ltr'>δ’</span> <span class='ocrx_word' id='word_1_290' title='bbox 578 4231 619 4304; x_wconf 79' lang='grc' dir='ltr'>αὖ</span> <span class='ocrx_word' id='word_1_291' title='bbox 639 4233 744 4321; x_wconf 80' lang='grc' dir='ltr'><em>βιάζει</em></span> <span class='ocrx_word' id='word_1_292' title='bbox 767 4230 846 4305; x_wconf 76' lang='lat' dir='ltr'>roda</span> <span class='ocrx_word' id='word_1_293' title='bbox 867 4230 1073 4304; x_wconf 74' lang='grc' dir='ltr'><em>ἀπαλλάσσει</em></span> <span class='ocrx_word' id='word_1_294' title='bbox 1094 4232 1233 4318; x_wconf 79' lang='grc' dir='ltr'><em>χθονός,·</em></span> 
     </span>
     <span class='ocr_line' id='line_1_38' title="bbox 255 4341 1463 4430; baseline -0.001 -22"><span class='ocrx_word' id='word_1_295' title='bbox 255 4345 402 4411; x_wconf 89' lang='lat' dir='ltr'>Medeam</span> <span class='ocrx_word' id='word_1_296' title='bbox 432 4343 475 4409; x_wconf 88' lang='lat' dir='ltr'>ad</span> <span class='ocrx_word' id='word_1_297' title='bbox 498 4344 643 4411; x_wconf 80' lang='lat' dir='ltr'>Creontis</span> <span class='ocrx_word' id='word_1_298' title='bbox 674 4343 775 4430; x_wconf 90' lang='lat' dir='ltr'>pedes</span> <span class='ocrx_word' id='word_1_299' title='bbox 801 4345 946 4430; x_wconf 89' lang='lat' dir='ltr'>provolvi</span> <span class='ocrx_word' id='word_1_300' title='bbox 968 4344 1068 4409; x_wconf 91' lang='lat' dir='ltr'>credit</span> <span class='ocrx_word' id='word_1_301' title='bbox 1089 4343 1231 4408; x_wconf 88' lang='lat' dir='ltr'>Wcihus.</span> <span class='ocrx_word' id='word_1_302' title='bbox 1275 4341 1335 4408; x_wconf 91' lang='lat' dir='ltr'>hoc</span> <span class='ocrx_word' id='word_1_303' title='bbox 1356 4343 1463 4428; x_wconf 90' lang='lat' dir='ltr'>paullo</span> 
     </span>
     <span class='ocr_line' id='line_1_39' title="bbox 255 4447 1464 4534; baseline -0.001 -20"><span class='ocrx_word' id='word_1_304' title='bbox 255 4450 420 4533; x_wconf 88' lang='lat' dir='ltr'>humilius,</span> <span class='ocrx_word' id='word_1_305' title='bbox 455 4448 513 4515; x_wconf 91' lang='lat' dir='ltr'>scd</span> <span class='ocrx_word' id='word_1_306' title='bbox 546 4450 701 4516; x_wconf 92' lang='lat' dir='ltr'>consimili</span> <span class='ocrx_word' id='word_1_307' title='bbox 734 4456 826 4534; x_wconf 89' lang='lat' dir='ltr'>gestu</span> <span class='ocrx_word' id='word_1_308' title='bbox 860 4468 931 4514; x_wconf 89' lang='lat' dir='ltr'>earn</span> <span class='ocrx_word' id='word_1_309' title='bbox 965 4469 1056 4514; x_wconf 92' lang='lat' dir='ltr'>usam</span> <span class='ocrx_word' id='word_1_310' title='bbox 1090 4469 1161 4514; x_wconf 90' lang='lat' dir='ltr'>esse</span> <span class='ocrx_word' id='word_1_311' title='bbox 1192 4447 1336 4514; x_wconf 80' lang='lat' dir='ltr'>Creontis</span> <span class='ocrx_word' id='word_1_312' title='bbox 1365 4447 1464 4513; x_wconf 87' lang='lat' dir='ltr'>verba</span> 
     </span>
     <span class='ocr_line' id='line_1_40' title="bbox 257 4552 1480 4662; baseline 0 -44"><span class='ocrx_word' id='word_1_313' title='bbox 257 4554 457 4641; x_wconf 90' lang='lat' dir='ltr'>apertissime</span> <span class='ocrx_word' id='word_1_314' title='bbox 480 4553 601 4620; x_wconf 92' lang='lat' dir='ltr'>docent.</span> <span class='ocrx_word' id='word_1_315' title='bbox 647 4574 741 4638; x_wconf 90' lang='lat' dir='ltr'>quem</span> <span class='ocrx_word' id='word_1_316' title='bbox 763 4554 877 4619; x_wconf 91' lang='lat' dir='ltr'>mirum</span> <span class='ocrx_word' id='word_1_317' title='bbox 898 4553 981 4620; x_wconf 85' lang='lat' dir='ltr'>foret</span> <span class='ocrx_word' id='word_1_318' title='bbox 1001 4552 1063 4619; x_wconf 91' lang='lat' dir='ltr'>nisi</span> <span class='ocrx_word' id='word_1_319' title='bbox 1086 4552 1203 4619; x_wconf 74' lang='lat' dir='ltr'>diserte</span> <span class='ocrx_word' id='word_1_320' title='bbox 1223 4559 1480 4662; x_wconf 59' lang='lat' dir='ltr'>commemoras-33</span> 
     </span>
    </p>
   </div>
   <div class='ocr_carea' id='block_1_4' title="bbox 0 0 1838 5296">
    <p class='ocr_par' dir='ltr' id='par_1_13' title="bbox 0 0 1838 5296">
     <span class='ocr_line' id='line_1_41' title="bbox 0 0 1838 5296; baseline 0 3"><span class='ocrx_word' id='word_1_321' title='bbox 0 0 1838 5296; x_wconf 95' lang='lat' dir='ltr'> </span> 
     </span>
    </p>
   </div>
  </div>
 </body>
</html>
