3666 5296
855 367 857 370 ’
940 391 990 446 u1.
1007 393 1033 446 a.
1092 433 1094 436 .

644 565 741 650 χωρεῖ
761 559 898 648 γέροντι·
925 561 1000 640 τοὺς
1021 560 1119 640 θεοὺς
1138 557 1217 644 ἓγων
1239 585 1291 641 τις
1311 559 1351 628 δν

645 663 760 756 φίλους
780 658 914 754 άρίστην
936 665 1088 755 μαντικὴν
1111 662 1178 748 diget
1201 662 1325 751 δόμοις.

384 789 429 853 ita
449 788 626 874 Euripides.
671 790 766 873 longe
788 790 880 854 aliter
900 789 1015 874 eodex,
1038 789 1092 873 qui
1113 795 1241 874 praeter
1263 789 1507 874 orthographica
1531 796 1592 854 753

383 891 632 976 μαντευόμεσθα
653 887 711 981 χρή
746 901 808 958 758
831 887 977 976 μάντεων
1014 901 1077 960 760
1100 888 1167 974 έχοι
1191 893 1326 960 exhibet.
1373 901 1436 960 753
1459 915 1593 979 apogra-

383 997 449 1083 pha
472 1005 503 1063 et
515 999 689 1083 Nauekius,
715 1005 776 1063 758
800 1018 870 1083 ego,
896 1005 958 1064 760
978 1003 1140 1064 eorreetor
1160 998 1391 1066 Laurentianus
1414 998 1592 1066 emendavi-

384 1123 462 1169 mus.
507 1102 653 1170 sednon
680 1103 881 1187 patiebantur
905 1102 1074 1168 histriones
1101 1102 1189 1168 ehori
1216 1103 1315 1168 verba
1335 1103 1499 1188 aptissime
1521 1123 1593 1168 eum

384 1208 539 1272 sententia
560 1207 662 1272 nuntii
683 1208 861 1290 uouemere,
880 1227 984 1289 neque
1006 1205 1178 1272 eredebant
1196 1214 1262 1271 tam
1277 1207 1332 1291 pia
1347 1206 1491 1272 doetrina
1504 1209 1592 1292 plau-

384 1329 438 1378 sus
460 1311 599 1377 exeitari.
643 1312 750 1394 itaque
775 1311 931 1400 distiehpu
958 1310 1002 1376 ad
1029 1311 1162 1377 aliorum
1188 1311 1328 1376 loeorum
1356 1311 1593 1378 similitudinem

373 1417 467 1482 ¹male
497 1416 604 1480 fiotum
633 1414 678 1502 (et
710 1415 841 1482 offendit
867 1416 1068 1501 inportunum
1096 1415 1246 1498 loquendi
1272 1436 1372 1500 genus
1399 1415 1593 1503 Nauekium)

383 1519 576 1587 intruserunt
931 1521 933 1524 ’

595 1591 726 1702 ’κούδεὶς
747 1622 919 1710 έπλοάτησ’
943 1617 1137 1709 ἐμπύροισιν
1155 1618 1253 1710 ἀργὸς
1271 1617 1326 1703 δέν,

600 1723 706 1816 γνώμη
728 1729 755 1794 δ’
778 1719 893 1816 άρίστη
915 1723 1031 1811 μάντις
1053 1725 1072 1815 ἥ
1094 1729 1121 1792 τ’
1145 1721 1303 1811 εὐβουλία.

381 1849 527 1914 nimirum
549 1851 649 1916 eouiei
670 1856 807 1935 poterat,
829 1835 892 1916 nou
913 1850 1016 1934 ipsam
1031 1850 1187 1916 Helenam
1206 1848 1265 1915 sed
1278 1849 1422 1914 umbram
1438 1849 1590 1914 aParide

383 1960 507 2039 raptam
529 1974 611 2020 esse.

468 2076 579 2141 Paullo
608 2075 691 2142 infra
715 2076 838 2142 Helena
873 2075 927 2141 ubi
960 2075 1144 2141 Theouoam
1178 2074 1272 2141 domo
1306 2074 1415 2160 egredi
1445 2073 1592 2148 videtin

381 2181 624 2247 lamentationes
647 2181 800 2266 erumpit.¹
1513 2205 1516 2214 ν

599 2279 635 2350 οἲ
653 2282 715 2369 ἐγώ
738 2279 891 2365 τάλαινα,
915 2287 972 2371 τῆς
992 2277 1087 2372 τύχης
1104 2281 1163 2369 γὰρ
1186 2274 1241 2349 ὧδ’
1262 2279 1338 2365 ἔχω·

597 2387 759 2469 Μενέλαε,
783 2385 1066 2474 διαπεπράγμεθ’,
1095 2384 1239 2472 ἐκβαίνει
1261 2383 1369 2471 δόμων

596 2487 616 2579 ἡ
640 2491 832 2580 θεσπιῳδὸς
853 2487 987 2580 Θεονόη,
1012 2496 1127 2557 κτυπεῖ
1148 2486 1247 2576 δόμος

489 2605 552 2663 860
596 2595 747 2686 κλῄθρων
767 2595 946 2678 λυθέντων,
975 2598 1079 2683 φεῦγ’·
1108 2595 1191 2684 ἀτάρ
1213 2593 1248 2661 τί
1269 2595 1443 2684 φευκτέονς

596 2698 730 2768 ἀνιοῦσα
751 2697 811 2788 γάρ
833 2722 870 2767 σε
889 2700 945 2766 καὶ
968 2703 1104 2788 παροῦσ’
1126 2693 1306 2790 α’φιγμένον

597 2808 677 2894 δεῦρ’
699 2799 802 2872 οἶδεν·
830 2798 856 2871 ὦ
879 2801 1033 2893 δύστηνος
1056 2801 1100 2885 ὡς
1120 2799 1305 2895 άπωλάμην.

378 2929 458 2994 haee
483 2928 563 2994 bene
589 2949 624 2994 se
650 2928 781 3013 habeut,
808 2949 829 2994 a
850 2929 996 2994 lamentis
1028 2948 1143 2994 exorsa
1166 2927 1208 2994 ad
1227 2929 1366 3018 lamenta
1390 2927 1480 2994 redit.
1526 2950 1589 2994 uon

378 3034 475 3116 igitur
499 3053 628 3117 operam
652 3032 836 3117 perdemus,
865 3040 900 3098 ut
922 3031 1077 3098 distichon
1101 3033 1321 3116 intellegamus
1344 3032 1429 3115 quod
1450 3035 1588 3116 interpo-

378 3137 460 3202 lator
475 3137 616 3202 Helenae
640 3137 745 3202 verbis
761 3137 893 3202 addidit.
931 3157 1013 3220 nego
1034 3138 1117 3202 euim
1132 3137 1191 3202 hos
1211 3157 1323 3202 versus
1337 3137 1479 3221 intellegi
1494 3158 1589 3222 posse

575 3333 582 3352 ι
599 3253 717 3345 Τροίας
738 3255 774 3323 δὲ
797 3255 921 3335 σωθεὶς
939 3247 1029 3322 κάπδ
1052 3252 1218 3343 βαρβάρου
1237 3254 1359 3338 χθονὸς

597 3359 631 3439 ές
650 3359 786 3448 βάρβαρ’
809 3355 919 3426 ἐλθὼν
943 3356 1081 3449 φάσγαν’
1105 3355 1204 3439 αὖθις
1227 3358 1372 3444 ε’μπεσεῖ.

377 3484 644 3569 praepositionem
663 3473 722 3569 per
742 3484 876 3568 figuram
899 3478 967 3549 ἀπὸ
991 3487 1103 3550 κοινοῦ
1122 3485 1259 3570 positam
1274 3484 1380 3549 Attica
1394 3483 1588 3550 consuetudo

377 3588 536 3673 repudiat,
570 3584 679 3653 ε’λθών
705 3587 795 3654 nihili
822 3595 883 3673 est,
918 3595 985 3654 tota
1010 3589 1167 3655 sententia
1193 3589 1332 3674 puerilis.
1381 3588 1414 3653 in
1443 3587 1588 3654 versibus

376 3693 521 3776 genuinis
556 3692 704 3776 adquievi
735 3694 768 3758 iu
798 3692 917 3759 eodieis
940 3693 1088 3778 leetioue,
1121 3693 1175 3776 qui
1195 3693 1247 3758 vel
1269 3693 1334 3758 ieta
1356 3693 1389 3758 in
1410 3713 1489 3758 voee
1511 3686 1588 3778 κλῄ-

376 3801 468 3882 θρων
491 3797 702 3882 subseriptum
724 3803 839 3863 servat.
884 3803 992 3864 tamen
1014 3797 1190 3863 modestam
1212 3797 1440 3864 dubitationem
1462 3795 1503 3862 de
1524 3802 1597 3861 859.

376 3921 438 3966 non
473 3903 599 3967 retieeo.
648 3902 713 3968 seio
749 3901 877 3984 quidem
910 3902 1096 3986 plerumque
1124 3901 1239 3967 iniuria
1265 3901 1421 3967 removeri
1452 3900 1587 3986 eandem

376 4025 487 4070 veoem
517 4006 550 4070 iu
584 4007 802 4088 contiguorum
837 4026 986 4072 versuum
1018 4005 1132 4071 finibus
1165 4006 1316 4090 positam,
1353 4005 1381 4071 si
1411 4005 1499 4070 nulla
1524 4005 1589 4070 alia

375 4109 499 4175 aceedit
531 4130 629 4176 eausa
656 4129 750 4192 quam
777 4130 873 4176 sonus
900 4116 1009 4176 nostro
1035 4109 1151 4175 iudieie
1178 4131 1291 4195 parum
1318 4110 1434 4176 suavis.
1480 4109 1588 4176 neseio

333 4221 337 4230 '
375 4220 482 4279 tamen
515 4235 557 4278 an
592 4214 758 4279 valvarum
795 4215 945 4299 strepitus
975 4236 1088 4301 parum
1120 4221 1205 4281 reete
1241 4204 1418 4292 ἆσυνδέτως
1452 4213 1589 4279 addatur

376 4318 537 4384 enuntiato
565 4337 627 4400 quo
651 4317 803 4384 Theonoe
830 4317 941 4401 egredi
961 4319 1083 4385 dieitur.
1128 4319 1298 4385 nonenim
1318 4318 1392 4384 nevi
1415 4317 1589 4402 quidquam

376 4421 481 4487 adfert
506 4422 568 4487 hoe
598 4423 793 4488 enuntiatum
829 4423 887 4489 sed
915 4419 1119 4509 ἒπεξηγεῖται
1146 4425 1332 4509 proximum.
1385 4424 1588 4508 scripseritne

374 4525 510 4592 fortasse
533 4527 702 4611 Euripides
724 4530 840 4591 κτυπεῖ
860 4527 888 4592 δ’
911 4521 1010 4605 soeg?
1491 4539 1493 4542 ·
