3626 5288
812 331 895 386 na
1338 285 1341 292 ²
1390 290 1462 386 'rer

198 531 214 559 s
333 498 546 569 Subsisterem
568 499 632 584 hio,
659 519 734 566 nam
760 521 800 568 ea
819 522 902 586 quae
924 501 967 568 ad
988 523 1057 570 rem
1078 501 1139 568 hoe
1160 500 1242 566 libro
1265 499 1464 570 tractandam

245 601 420 690 pertinent,
443 603 590 670 absoluta
612 609 698 688 sunt,
720 605 782 671 nisi
804 606 938 672 Pirithoi
959 605 1145 690 tragoediae
1167 625 1231 672 non
1252 625 1315 672 uno
1337 606 1464 673 nomine

246 706 461 774 memorabilis
494 713 715 792 argumentum
750 707 804 774 diu
841 709 970 792 quidem
1000 707 1119 794 publici
1147 707 1225 774 iuris
1254 709 1373 774 factum
1405 709 1464 777 sed

249 809 354 876 adbuc
383 814 526 894 spretum
552 830 653 896 penes
681 832 733 876 me
752 795 923 880 haberem(
958 832 999 878 ex
1022 812 1068 878 eis
1096 830 1179 894 quae
1201 811 1366 880 Nauokius
1390 831 1463 878 oon·

247 913 318 1002 tulit
343 912 378 977 id
404 913 513 979 statim
540 914 695 998 seqnitur,
723 914 864 981 Pirithoo
888 915 1068 1001 exemplum
1088 914 1236 1000 praeberi
1256 912 1383 980 fabulae
1405 935 1465 1000 per

246 1021 362 1102 poetae
396 1015 562 1082 arbitrium
590 1017 774 1083 immutatae
802 1017 1094 1086 luculentissimum.
1142 1016 1351 1084 inducebatur
1380 1017 1465 1084 enim

246 1119 401 1188 Hercules
432 1140 496 1186 non
519 1120 680 1188 Theseum
711 1127 834 1187 tantum
867 1122 926 1188 sed
960 1122 1057 1188 etiam
1082 1119 1262 1186 Pirithoum
1290 1140 1331 1188 ex
1352 1119 1463 1210 inferis

245 1223 404 1310 liberans,
436 1243 508 1290 oum
540 1225 682 1308 vulgaris
716 1225 803 1290 fama
836 1231 868 1292 et
895 1231 991 1292 antea
1010 1229 1050 1290 et
1078 1229 1192 1308 postea
1213 1224 1254 1290 ob
1276 1229 1465 1310 temptatum

246 1327 458 1412 Proserpinae
489 1333 614 1412 raptum
644 1334 773 1394 aeterno
799 1349 871 1395 eum
893 1329 1034 1394 cruciatu
1057 1327 1226 1395 dilacerari
1246 1327 1360 1418 ferret;
1389 1347 1464 1394 nam

246 1437 281 1500 ut
303 1429 447 1498 Theseus
469 1431 583 1498 sedere
606 1437 832 1515 aeternumque
855 1452 1001 1514 sessurus
1024 1451 1096 1498 esse
1116 1431 1219 1498 rarius
1233 1429 1464 1516 perhiberetur,

245 1555 310 1602 non
337 1535 458 1602 minore
488 1535 640 1601 violentia
666 1540 700 1600 at
730 1537 932 1620 prosperiore
962 1555 1111 1602 successu
1139 1533 1380 1600 Atheniensium
1409 1534 1466 1619 pia

241 1637 334 1706 fraus
356 1637 469 1704 effecit.
515 1638 633 1704 Critiae
657 1645 763 1704 autem
785 1639 909 1724 fabula,
933 1639 994 1706 etsi
1014 1625 1134 1705 non‘id
1155 1638 1293 1722 valeret,
1321 1643 1357 1704 ut
1378 1643 1463 1706 vete-

247 1741 292 1808 ris
313 1743 485 1810 memoriae
507 1743 727 1808 auctoritatem
747 1729 874 1828 penitus
897 1748 1067 1828 everteret,
1099 1742 1178 1808 satis
1201 1747 1308 1808 tamen
1330 1741 1465 1810 celebris
1494 1741 1500 1744 ’

248 1845 323 1930 furit,
351 1852 386 1910 ut
406 1865 502 1928 quam
520 1846 709 1912 Plutarchus
731 1845 869 1931 legeret,
892 1867 933 1912 ex
953 1847 1042 1912 euius
1065 1844 1311 1914 conformatione
1332 1843 1467 1912 Pirithoi

247 1948 396 2030 fabulum¹
409 1950 552 2015 nonnulli
573 1949 877 2036 mythographorum
898 1955 1073 2016 narrarent.
1108 1949 1271 2034 Hyginum
1288 1953 1327 2014 79
1351 1949 1466 2016 sicum

248 2052 319 2138 ipso
343 2038 529 2137 argumento
551 2053 635 2118 infra
656 2053 760 2137 posito
783 2053 1022 2138 conparaveris,
1050 2052 1169 2138 disces,
1201 2057 1357 2134 quatenus
1379 2051 1466 2138 apud

249 2175 321 2222 eum
353 2154 507 2222 adcurate
527 2156 706 2223 fabularum
716 2153 869 2222 'narratio
892 2155 1058 2223 enchiridii
1077 2155 1201 2240 legibus
1223 2160 1279 2222 aut
1300 2161 1464 2222 consuetu-

249 2258 375 2326 dinibus
406 2261 534 2326 turbata
556 2261 615 2345 sit,
646 2279 742 2342 quam
764 2265 856 2325 caute
877 2259 911 2325 in
930 2259 1138 2344 restituendis
1159 2258 1353 2342 argumentis
1375 2258 1465 2326 adhi-

248 2362 371 2430 bendus
393 2363 443 2429 sit.
480 2363 567 2445 quod
581 2364 614 2428 in
627 2362 770 2429 Pirithoo
786 2382 911 2446 quoque
926 2382 990 2428 non
1004 2382 1158 2447 prospere
1174 2362 1271 2428 cessit
1285 2361 1464 2448 Welokero,
1556 2391 1561 2398 ·

249 2466 303 2550 qui
328 2465 409 2532 haec
441 2465 509 2532 fere
542 2467 734 2551 suspicatur:
767 2466 875 2532 induci
897 2465 1059 2533 Theseum
1081 2464 1318 2548 Pirithoumque
1341 2465 1465 2532 vinctos

249 2569 289 2636 ab
311 2569 419 2636 Aeaeo
442 2569 616 2636 custoditos
640 2569 681 2636 de
703 2570 806 2636 salute
829 2569 1052 2654 desperantes;
1080 2567 1272 2634 intervenire
1294 2568 1465 2636 Herculem

248 2673 380 2740 missum
402 2673 443 2738 ab
464 2673 660 2759 Eurystheo,
684 2679 718 2738 ut
741 2673 914 2740 Cerberum
936 2673 1089 2752 abducat,
1115 2672 1252 2756 primum
1274 2671 1403 2756 quidem
1424 2673 1465 2738 ab

249 2779 355 2843 Aeaco
378 2797 441 2843 non
463 2776 620 2844 hostiliter
643 2777 762 2863 excipi,
794 2798 868 2844 mox
889 2796 966 2844 vero
993 2797 1051 2862 pro
1073 2781 1258 2862 portentosa
1279 2775 1465 2862 tragoediae

248 2887 364 2948 natura
389 2902 453 2948 non
473 2881 544 2948 sine
567 2882 697 2965 egregio
721 2887 753 2948 et
774 2881 920 2947 immanis
943 2881 1065 2946 roboris
1089 2886 1121 2946 et
1143 2879 1347 2947 audacissimi
1369 2881 1466 2950 animi

250 2971 415 3070 exemplo
437 2983 579 3068 efficere,
619 2991 654 3050 ut
695 2985 788 3050 amici
816 2985 880 3050 luci
909 2983 1102 3068 reddantur,
1140 2982 1231 3048 addit
1260 2982 1390 3049 chorum
1425 3003 1466 3050 ex

249 3089 433 3156 heroidibus
456 3089 643 3156 constitisse.
688 3089 749 3155 hoo
770 3089 855 3156 unde
876 3089 1050 3172 conlegerit
1072 3088 1193 3172 nescio,
1215 3087 1338 3154 nisiex
1359 3083 1467 3174 νεκυίᾳ

249 3193 357 3277 linxit,
393 3193 591 3278 captivorum
619 3192 875 3278 desperationem
898 3212 942 3258 ex
965 3195 1037 3261 Hur.
1060 3192 1154 3258 Hero.
1180 3197 1278 3276 1460,
1308 3197 1467 3277 portento

250 3317 319 3364 sam
342 3296 528 3381 tragoediae
550 3304 697 3364 naturam
713 3318 752 3364 ex
767 3299 897 3364 Aristot.
919 3302 1002 3380 poet.
1022 3301 1154 3360 lesda
1176 3295 1318 3380 sumpsit.
1353 3296 1467 3378 quibus

250 3401 395 3466 omnibus
413 3399 493 3466 nihil
513 3400 703 3485 proficimus.
748 3400 996 3486 inprobabiliora
1021 3399 1117 3464 etiam
1138 3398 1272 3464 coniecit
1292 3398 1468 3482 Nauokius,

250 3511 423 3590 perpetuus
451 3503 613 3570 Welolxeri
642 3505 847 3587 obtrectator,
878 3503 932 3585 qui
955 3502 1109 3568 disertum
1138 3501 1286 3586 Gregorii
1315 3501 1469 3568 Corinthii

250 3608 463 3676 testimonium
489 3607 565 3691 fgm.
592 3611 655 3674 594
689 3607 730 3672 ab
760 3607 898 3672 Hercule
927 3625 986 3690 per
1007 3605 1148 3670 Aeaeum
1174 3605 1369 3688 interrogato
1391 3605 1467 3671 reci-

250 3717 351 3776 tatum
389 3731 461 3778 esse
496 3709 652 3776 tradentis
689 3710 817 3793 abiecit,
859 3710 935 3791 quia
961 3709 1128 3792 prologum
1158 3727 1273 3792 sapere
1297 3707 1358 3772 sibi
1379 3707 1467 3774 vide·

251 3820 346 3896 retur.
392 3820 426 3879 at
447 3813 585 3878 maxime
608 3813 722 3878 mirum
745 3818 807 3898 est,
835 3831 894 3878 nec
914 3811 1118 3876 Welekerum
1140 3829 1200 3876 nec
1221 3809 1402 3876 Nauekium
1424 3808 1467 3876 ad

250 3915 436 4000 tragoediae
459 3923 680 4001 argumentum
703 3915 901 4000 adtendisse,
924 3913 1010 3996 quod
1032 3914 1087 3980 illo
1108 3913 1179 3998 ipso
1195 3913 1264 3978 loeo
1280 3911 1367 3998 apud
1381 3911 1467 3978 Wal-

251 4023 334 4089 zium
357 4026 445 4086 extat
467 4040 561 4104 quem
584 4019 767 4086 describunt
774 4069 782 4102 ,
813 4019 968 4103 incipiens
991 4037 1012 4082 a
1031 4016 1138 4082 verbis
1160 4010 1179 4103 ἡ
1202 4013 1236 4080 ἐν
1258 4019 1305 4102 τῷ
1326 4013 1467 4101 δράματι

250 4129 297 4212 τῷ
309 4121 463 4211 Πειρίθῳ
483 4119 618 4210 ἱστορία.
661 4123 736 4205 quin
756 4123 840 4188 enim
859 4121 940 4188 haec
957 4117 1086 4206 ἱστορία
1100 4121 1173 4204 ipsa
1188 4113 1355 4196 ὑπόθεσις
1372 4126 1467 4204 esset,

251 4229 397 4296 dubitare
434 4249 498 4292 non
533 4233 679 4311 poterant
712 4227 766 4308 qui
795 4225 828 4290 in
857 4225 918 4290 hoo
951 4225 1021 4290 loco
1047 4223 1192 4308 proxime
1221 4223 1467 4304 subsequentem

250 4332 453 4418 Melanippae
475 4331 684 4416 philosophae
707 4324 853 4417 ἱστορίαν
871 4324 1034 4394 {adduces
1056 4326 1228 4410 haberent,
1248 4325 1344 4408 idque
1360 4326 1467 4391 rectis-

250 4425 330 4506 sime
364 4435 411 4502 illi
438 4434 581 4520 quidem,
617 4439 650 4499 ut
680 4435 818 4522 optimus
851 4431 952 4500 codex
980 4429 1211 4498 Laurentianus
1236 4435 1276 4496 56
1283 4479 1293 4516 ,
1318 4438 1333 4492 1
1365 4427 1467 4516 docet,
