3666 5296
754 439 755 444 ’
788 417 839 480 ΙΠζ
857 428 882 481 8.
1390 428 1445 482 243

319 597 469 682 Sequitur
484 596 656 664 Theonoae
679 598 781 665 oratio
797 618 901 681 neque
916 598 998 682 fugit
1011 597 1247 682 interpolatoris
1266 598 1443 664 ludibrium.

230 710 340 769 narrat
369 703 451 768 enim
479 703 536 767 illa
566 701 606 768 de
629 703 766 770 Menelai
797 703 899 769 salute
921 703 1078 768 Venerem
1101 723 1171 768 curn
1194 704 1312 770 Iunone
1335 704 1444 789 rixari,

231 808 395 873 arbitrium
417 827 517 893 penes
538 827 573 873 se
596 827 675 873 esse.
721 807 783 874 utri
805 807 938 873 dearum
952 814 1078 891 gratum
1093 807 1218 873 factura
1233 815 1319 874 esset
1334 829 1442 874 secun-

232 913 307 978 dum
329 918 429 978 totam
443 931 579 978 scaenae
595 911 835 1005 dispositionem
849 911 991 977 indicare
1005 911 1144 979 nondum
1162 919 1296 997 poterat.
1336 933 1444 979 secun-

232 1024 283 1083 tur
305 1017 389 1082 enim
410 1016 553 1082 Helenae
568 1015 769 1098 Menelaique
793 1016 941 1102 copiosae
958 1016 1131 1100 orationes,
1155 1016 1268 1098 quibus
1291 1017 1445 1084 Theonoe

231 1121 379 1206 flectitur,
412 1141 493 1203 quae
520 1121 622 1186 altera
651 1121 794 1187 oratione
824 1119 900 1203 quid
929 1121 1074 1186 statuerit
1101 1141 1164 1186 non
1186 1121 1289 1188 minus
1316 1122 1444 1207 copiose

233 1226 370 1312 exponit.
415 1245 475 1291 nec
507 1231 613 1291 tamen
640 1225 753 1292 mutati
784 1225 880 1290 animi
903 1225 1001 1290 ullum
1024 1225 1162 1309 signum,
1190 1244 1294 1308 neque
1318 1227 1443 1292 omnino

233 1330 444 1417 respiciuntur
472 1329 572 1394 verba
598 1329 711 1412 quibus
740 1330 773 1393 in
802 1329 910 1395 codice
940 1329 1027 1414 prior
1050 1329 1221 1395 Theonoae
1250 1331 1350 1397 oratio
1373 1352 1444 1396 con-

233 1434 369 1500 cluditur

406 1546 469 1604 892
514 1532 565 1616 τίς
584 1529 643 1603 εἷο)
666 1528 797 1625 ἀδελφῷ
819 1531 914 1603 τόνδε
936 1541 1084 1626 σημανῶν
1108 1535 1174 1624 ε’μῷ

517 1635 661 1730 παρόνθ’
685 1637 777 1720 ὅπως
799 1638 837 1706 dv
858 1637 977 1724 τούμόν
1000 1631 1156 1728 dueatur
1179 1636 1249 1730 blm,-

234 1748 420 1834 subscripsit
442 1746 571 1830 quidem
593 1748 793 1814 Hermannus
816 1746 892 1813 baec
916 1747 995 1813 dicit
1015 1746 1163 1812 Theonoe
1185 1749 1279 1830 quusi
1301 1747 1445 1830 aliquam
1483 1747 1486 1760 '

231 1852 428 1934 famulorum
443 1853 488 1917 ad
503 1853 726 1934 arcessendum
742 1851 1004 1935 Tbeocdymsaam
1019 1853 1141 1917 mittere
1154 1852 1268 1936 soleae,
1284 1853 1339 1917 aad
1351 1853 1445 1918 atella

234 1958 314 2041 abit,
336 1957 485 2040 quonium
508 1957 616 2022 uideat
631 1956 789 2021 Helenam
813 1957 911 2020 anaia
933 1960 1088 2040 orontem,
1111 1977 1150 2021 aa
1172 1977 1205 2022 se
1213 1958 1333 2039 pedat
1348 1957 1444 2022 Τάοο-

233 2082 298 2127 οοο.
342 2059 399 2127 sed
432 2080 570 2146 provoco
601 2059 643 2125 ad
669 2061 769 2150 ipsius
792 2061 967 2126 Hermanni
993 2059 1156 2144 iudicium,
1193 2061 1306 2144 ecquid
1327 2062 1360 2126 in
1382 2070 1444 2126 tra-

234 2164 351 2249 goedia
375 2165 481 2230 Attica
506 2163 561 2230 fiat
590 2186 653 2230 non
680 2164 798 2231 diserte
820 2165 984 2248 monitum,
1017 2164 1130 2247 ecquid
1153 2163 1271 2231 diserte
1293 2167 1445 2231 monitum

123 2291 126 2298 ·
233 2290 297 2335 non
318 2269 382 2334 fiat.
426 2269 487 2334 hoc
510 2269 538 2334 si
560 2269 715 2353 audisset,
743 2289 895 2352 quorsum
920 2289 954 2335 se
977 2275 1174 2336 converteret
1195 2270 1342 2335 Helena?
1385 2270 1445 2335 hoc

235 2375 263 2439 si
289 2373 440 2457 dixisset,
480 2372 564 2438 unde
591 2373 724 2439 alteram
747 2373 921 2438 orationem
947 2373 1103 2458 inciperet
1131 2373 1309 2440 Theonoe?
1359 2381 1444 2440 tene-

235 2499 305 2544 mus
326 2477 488 2544 histrionis
510 2478 679 2561 fabricam,
710 2478 765 2560 qui
786 2477 923 2543 Menelai
951 2477 1092 2562 periculo
1115 2485 1207 2544 aucto
1230 2485 1445 2564 spectatorum

234 2583 469 2649 miserationem
490 2589 618 2648 auctum
639 2582 678 2647 iri
701 2583 850 2667 speravit.
896 2580 982 2647 idem
1004 2589 1183 2647 aee—302
1200 2583 1356 2648 Helenam
1371 2581 1444 2647 ridi-

235 2688 313 2752 culis
328 2688 472 2754 versibus
488 2687 564 2752 fecit
578 2686 807 2753 deliberantem
822 2691 960 2769 quonam
982 2687 1092 2752 mortis
1115 2706 1232 2770 genere
1256 2686 1443 2754 commodis-

187 2837 189 2842 ,
234 2792 313 2857 sime
332 2798 485 2875 uteretur,
513 2811 593 2874 quos
607 2811 720 2857 versus
736 2789 778 2856 ad
793 2791 973 2875 exemplum
988 2790 1102 2855 cantici
1116 2790 1281 2875 Euripidei
1296 2800 1358 2858 393
1375 2811 1443 2875 sqq.

215 2889 266 2961 'et
289 2894 454 2981 Sophoclis
478 2896 649 2980 satyricam
671 2895 826 2960 Helenam
849 2895 1040 2979 compositos
1063 2894 1153 2958 multi
1176 2895 1348 2980 eiecerunt,
1381 2898 1444 2982 pri-

234 3021 304 3066 mus
326 3001 387 3066 nisi
413 3000 507 3066 fallor
521 2999 736 3084 Lightfootus,
756 2999 947 3064 novissimus
970 3019 1062 3082 quem
1086 3019 1145 3083 ego
1168 3001 1310 3066 noverim
1325 3001 1444 3067 Usene-

234 3126 303 3170 rus:
332 3105 490 3171 neminem
512 3103 579 3171 vidi
602 3105 655 3188 qui
677 3104 934 3170 manifestissimo
954 3103 1075 3169 fraudis
1092 3102 1280 3170 documento
1295 3112 1444 3171 uteretur.

234 3211 316 3275 scire
336 3216 485 3294 poterant
506 3210 539 3274 in
562 3209 671 3276 codice
695 3215 757 3274 298
780 3229 843 3274 non
866 3210 938 3286 πῶς
959 3202 1092 3290 θάνοιμ’
1117 3204 1156 3273 db
1179 3201 1236 3274 οὖν
1257 3211 1364 3288 καλῶς
1383 3217 1445 3276 tra-

234 3313 334 3379 ditum
371 3334 442 3380 esse
470 3314 529 3380 sed
556 3307 757 3399 προθάνοιμ
788 3309 828 3378 dv
857 3305 894 3378 οὐ
924 3313 1045 3390 καλῶς,
1081 3313 1166 3396 quod
1190 3321 1321 3401 propter
1343 3335 1445 3400 nugas

233 3419 312 3485 istas
333 3423 487 3484 mutatum
511 3425 574 3503 est,
604 3418 772 3504 Euripides
795 3418 922 3503 scripsit

648 3525 720 3600 πῶς
742 3515 875 3604 θάνοιμ’
898 3517 936 3586 dv
960 3513 997 3586 οό
1021 3521 1135 3602 καλῶς,

474 3624 508 3704 ἐς
528 3624 588 3710 γάρ
610 3631 766 3692 τοσοῦτον
787 3621 934 3712 ἤλθομεν
955 3622 1067 3706 βάθος
1088 3626 1200 3690 κακῶν.

321 3733 358 3798 In
381 3730 494 3798 eadem
516 3731 658 3796 Helenae
681 3730 912 3796 declamatione
934 3730 1215 3795 luculentissimum
1231 3736 1280 3796 est
1294 3730 1362 3796 eius
1377 3751 1444 3795 cor-

234 3837 377 3922 ruptelae
400 3836 593 3920 exemplum,
625 3834 666 3900 de
689 3855 752 3917 qua
773 3835 944 3901 lllmsleius
967 3833 1177 3919 compluriens
1200 3835 1298 3902 uerba
1318 3833 1407 3918 fecit;
1420 3833 1445 3922 ¹)

233 3959 402 4026 perperam
424 3940 579 4005 intrusum
602 3945 652 4005 est
670 3959 786 4004 nomen
807 3939 971 4024 proprium

410 4050 472 4109 284
516 4041 563 4108 νώ
585 4045 642 4108 τοῦ
664 4041 746 4121 Διὸς
767 4041 803 4108 dd
824 4041 984 4128 λεγομένω
1006 4036 1180 4129 Διοσκόρω

322 4231 348 4298 1)
369 4230 440 4285 Med.
456 4233 502 4296 68,
521 4229 567 4284 ubi
585 4230 730 4286 Elmsleius
749 4229 781 4284 de
799 4230 842 4284 his
860 4230 1020 4298 corruptelis
1038 4229 1174 4300 disputet,
1199 4227 1346 4283 Vaticanus
1370 4229 1398 4282 et
1418 4233 1445 4280 Φ

235 4317 366 4384 Μηδείας
385 4318 526 4386 praebent,
551 4317 677 4371 Vaticani
695 4318 784 4371 altera
802 4333 896 4369 manus
916 4333 975 4370 oum
997 4316 1175 4371 deterioribus
1193 4318 1220 4368 et
1237 4313 1445 4368 Phoenissamm

235 4403 381 4458 scholiasta
401 4405 563 4472 δεσποίνης.
592 4407 688 4459 neutra
710 4404 788 4458 lectio
807 4402 963 4466 melioribus
984 4403 1101 4457 testibus
1120 4403 1172 4456 niti
1190 4400 1303 4456 dicenda
1321 4403 1374 4464 est,
1399 4399 1446 4454 sed

234 4490 385 4559 antiquitus
401 4491 503 4546 medita
522 4507 579 4546 esse
597 4492 672 4545 varia
691 4491 781 4546 lectio.
811 4491 901 4544 utrum
912 4489 1055 4557 Euripides
1076 4489 1215 4558 scripserit
1226 4487 1375 4553 nesscimu,
1397 4503 1446 4540 nec

232 4576 291 4644 ipse
315 4577 411 4646 opinor
433 4576 521 4632 dicere
543 4581 644 4646 posset.
681 4575 831 4632 uec'aliter
855 4575 1028 4632 indicandum
1046 4578 1118 4632 esset
1138 4576 1162 4630 si
1179 4573 1296 4630 Ennium
1314 4573 1447 4642 Μηδείας

1172 4661 1241 4727 16*
