3626 5288
799 438 835 492 IL
856 441 879 495 1.
1396 439 1448 495 135

233 609 353 698 dum.³)
403 617 514 678 contra
551 612 583 676 in
619 611 773 696 Euripide
805 633 858 678 res
897 613 940 678 ad
972 611 1127 695 liquidum
1165 610 1297 696 perduci
1334 619 1447 698 potest.
1531 687 1533 690 ,

232 735 367 797 namque
395 737 435 782 ex
459 715 636 800 codicibus,
668 716 776 800 quiin
800 736 928 782 censum
950 716 1097 798 veniunt,
1128 711 1300 782 Vaticanus
1324 723 1386 782 909
1416 723 1448 783 et

231 817 475 906 Havniensis,4)
505 819 631 885 omnino
659 820 726 886 fere
754 820 896 904 gemelli,
923 821 1089 902 vulgarem
1115 817 1259 884 ordinem
1286 819 1446 906 exhibent,

232 921 351 988 scilicet
367 914 414 988 'ut
442 929 516 1009 post
544 922 680 988 triadem
709 924 918 1010 Byzantinam
929 912 938 991 l
942 922 1059 988 Medea
1086 921 1279 1006 Hippolytus
1311 921 1448 990 Alcestis

229 1025 454 1092 Andromacha
486 1033 672 1111 sequantur,
706 1033 740 1092 at
769 1027 880 1110 ceteri,
912 1027 1076 1092 Parisinus
1108 1032 1209 1108 2713,
1244 1025 1446 1094 Florentinus

231 1136 285 1212 31,
311 1135 350 1194 15
372 1149 450 1197 sane
473 1130 659 1215 deteriores,
686 1136 717 1196 et
739 1131 867 1214 gravior
890 1131 980 1196 testis
1003 1129 1235 1194 Laurentianus
1252 1136 1343 1213 32st
1367 1131 1445 1214 Hip-

229 1233 373 1323 polytum
396 1239 470 1300 ante
485 1233 633 1299 Medeam
653 1234 825 1299 conlocant.
865 1233 950 1316 quod
965 1253 1077 1300 verum
1092 1251 1163 1299 esse
1172 1225 1302 1308 {schola
1316 1231 1445 1299 demon-

229 1341 344 1420 strant,
374 1357 449 1402 nam
481 1336 523 1402 ad
542 1336 692 1403 Medeam
720 1339 828 1402 lacera
849 1343 972 1403 tantum
997 1337 1133 1404 frustula
1157 1341 1327 1420 supersunt
1347 1342 1383 1402 ut
1403 1337 1446 1402 ad

227 1437 484 1505 Andromacham
510 1446 542 1506 et
569 1439 724 1525 Alcestin,
757 1441 799 1506 ad
819 1441 1028 1526 Hippolytum
1052 1441 1134 1514 bene
1166 1439 1339 1524 dispositus
1362 1459 1445 1506 com-

227 1544 409 1610 mentarius.

313 1647 406 1712 Hunc
428 1653 631 1731 septenarum
652 1647 831 1712 fabularum
854 1647 1012 1736 delectum
1031 1649 1119 1713 nulla
1140 1647 1204 1713 alia
1219 1647 1341 1748 ratiope
1356 1649 1444 1714 insti-

228 1755 329 1814 tutum
352 1770 438 1835 esse,
462 1769 557 1833 quam
579 1756 614 1815 ut
636 1750 833 1838 nobilissima
855 1757 887 1816 et
912 1752 1039 1834 cognitu
1067 1751 1255 1834 dignissima
1270 1751 1442 1834 seligeren-

228 1859 291 1936 tur,
326 1858 358 1918 et
387 1853 430 1919 ad
451 1854 664 1937 nobilitatem,
699 1855 817 1939 partim
844 1856 941 1920 etiam
963 1853 1006 1920 ad
1028 1854 1229 1938 facilitatem,
1265 1854 1383 1940 quippe
1405 1875 1445 1920 ex

229 1957 356 2022 scholae
379 1956 559 2040 commodo,
579 1957 835 2042 disponerentur,
858 1964 1104 2024 consentaneum
1126 1964 1202 2043 est,
1229 1964 1262 2022 et
1281 1959 1333 2024 vel
1348 1957 1443 2024 hodie

229 2060 289 2144 cis,
320 2061 374 2142 qui
406 2059 448 2125 ad
469 2059 663 2145 Aeschylum
681 2060 852 2144 legendum
876 2061 1117 2146 adgrediuntur,
1151 2060 1229 2127 ordo
1248 2062 1443 2150 Byzantinus

232 2162 413 2244 sequendus
437 2170 522 2229 recte
545 2163 799 2247 commendatur;
827 2164 913 2248 apud
934 2164 1120 2249 Euripidem
1143 2169 1249 2230 autem
1267 2170 1300 2230 et
1324 2164 1444 2249 Sopho-

229 2267 309 2331 clem
330 2266 416 2349 quod
435 2267 526 2333 binas
549 2266 733 2348 tragoedias
756 2266 796 2332 de
820 2268 942 2333 Troicis
963 2268 1080 2334 fabulis
1104 2287 1144 2332 ex
1158 2267 1290 2332 Homeri
1309 2267 1444 2333 lectione

227 2375 320 2436 notas
342 2375 485 2455 sumptas
501 2372 645 2454 singulae
661 2370 915 2436 Labdacidarum
934 2370 1001 2436 fata
1016 2377 1188 2442 tractantes
1204 2369 1331 2455 (quibus
1348 2371 1443 2436 etiam

228 2471 359 2558 Septem
380 2481 490 2540 contra
512 2475 640 2540 Thebas
667 2472 852 2561 respondet)
875 2475 1049 2560 excipiant,
1078 2473 1220 2559 profecto
1243 2474 1358 2539 rationi
1379 2495 1443 2540 non

228 2577 316 2642 casui
346 2577 547 2644 tribuendum
574 2583 632 2645 est.
677 2583 772 2660 atque
800 2579 833 2643 in
861 2579 1022 2663 plerisque
1049 2579 1242 2661 reliquarum
1263 2577 1442 2644 fabularum

228 2681 384 2765 suspicari
402 2703 587 2768 possumus,
615 2705 669 2751 our
688 2686 826 2751 selectae
849 2685 920 2750 sint.

314 2784 358 2850 At
379 2793 582 2870 septenarum
604 2807 735 2854 numero
757 2788 903 2872 primitus
925 2807 988 2852 non
1010 2785 1182 2852 cohibitum
1206 2805 1278 2852 esse
1302 2785 1441 2852 studium

228 2894 260 2954 et
287 2908 346 2972 per
374 2909 410 2955 se
439 2896 528 2974 patet
550 2897 583 2956 et
604 2891 826 2975 Aristophanis
845 2889 1068 2976 Euripidisque
1091 2889 1271 2974 exemplum
1293 2889 1440 2957 ostendit.

227 3011 364 3075 namque
388 2991 510 3058 scholia
532 2999 642 3060 vetera
659 2994 795 3060 necdum
810 2995 1016 3079 interpolata,
1040 2993 1154 3078 quibus
1170 2999 1306 3077 quatuor
1320 2993 1439 3060 Aristo·

226 3095 341 3179 phanis
374 3095 457 3162 duae
486 3097 647 3182 Euripidis
674 3097 801 3164 fabulae
833 3099 1006 3164 instructae
1034 3105 1120 3183 sunt,
1150 3097 1219 3164 veri
1249 3097 1441 3163 simillimam

227 3198 363 3264 reddunt
385 3199 581 3286 opinionem,
612 3222 675 3284 qua
703 3203 830 3269 fabulae
850 3203 925 3268 illae
949 3221 989 3268 ex
1012 3203 1165 3286 ampliore
1184 3201 1310 3268 delectu
1333 3221 1440 3286 super-

226 3451 323 3518 phanis
347 3451 472 3506 undecim
495 3452 646 3508 comoedias
665 3461 855 3524 πραττομένας
874 3450 942 3504 κατὰ
964 3459 1104 3520 στοιχεῖον
1123 3451 1259 3520 disposuit
1277 3453 1349 3520 ipse:
1377 3449 1448 3506 nami

226 3535 342 3592 indicem
360 3537 439 3590 illum
457 3537 516 3605 ipse
534 3538 650 3592 coniecit
670 3540 759 3605 spreto
779 3554 823 3606 eo,
845 3554 924 3605 quem
942 3537 1090 3604 Dionysius
1106 3536 1343 3591 Halicarnasensis
1361 3537 1438 3606 prae·

225 3621 307 3677 bebat
324 3621 397 3676 haud
416 3622 496 3677 dubie
515 3623 660 3692 integrum.

311 3710 340 3778 4)
361 3709 424 3763 Non
442 3709 563 3763 venitin
582 3725 691 3762 censum
713 3709 796 3762 codex
815 3725 832 3762 a
848 3708 945 3763 Vossio
964 3710 1110 3777 usurpatus
1129 3706 1158 3776 (b
1176 3707 1349 3778 Kirehhoffii)
1372 3726 1438 3778 quo-

225 3795 299 3850 niam
316 3812 348 3850 ex
365 3795 548 3850 Laurentiano
566 3798 609 3862 31,
628 3796 662 3852 10
680 3796 716 3863 (c)
740 3794 891 3863 descriptus
916 3811 975 3848 esse
999 3793 1143 3849 aPrinzio
1165 3793 1366 3850 demonstratus
1389 3799 1439 3860 est,

226 3882 301 3936 cuius
320 3881 441 3936 ordinem
459 3881 623 3936 immutavit
655 3883 772 3936 ceterum
792 3879 873 3936 codex
886 3881 1029 3947 Troadum,
1048 3897 1100 3953 quo
1113 3879 1227 3934 Vossius
1239 3897 1304 3934 rusus
1317 3883 1373 3946 est,
1392 3897 1439 3935 cur

226 3969 371 4036 quaeratur
389 3969 488 4022 neseio.
525 3984 587 4021 nam
604 3967 770 4030 Marcianus,
790 3984 869 4036 quem
888 3968 905 4021 b
926 3984 985 4021 esse
996 3967 1121 4021 Prinzius
1134 3966 1228 4034 evicit,
1247 3966 1276 4019 in
1289 3966 1341 4020 fine
1356 3967 1438 4022 muti-

224 4053 267 4106 lus
286 4056 344 4114 est;
366 4069 425 4108 cum
445 4057 537 4108 autem
555 4070 699 4122 compages
718 4053 797 4107 initio
814 4053 895 4106 huius
913 4053 1014 4108 saeculi
1033 4053 1168 4122 antiquior
1180 4069 1234 4106 non
1249 4051 1298 4116 sit,
1317 4068 1364 4106 eur
1376 4055 1439 4122 post

225 4139 316 4193 Vossii
343 4141 466 4209 tempora
490 4139 520 4194 in
547 4139 710 4194 monasterio
738 4139 765 4194 S.
789 4139 875 4193 Marci
902 4140 1044 4194 mutilatus
1069 4155 1128 4192 esse
1156 4140 1271 4207 negetur
1292 4138 1362 4191 nihil
1387 4141 1437 4192 est.

224 4226 397 4295 archetypos,
416 4241 439 4288 c,
458 4226 533 4293 item,
552 4243 639 4295 neque
657 4225 750 4280 eodem
768 4228 860 4280 tamen
877 4225 970 4290 modo,
988 4225 1140 4293 absumptis
1151 4225 1256 4278 ultimis
1268 4223 1343 4277 foliis
1355 4225 1437 4279 muti·

223 4313 281 4366 lum
302 4315 358 4378 est,
385 4311 491 4382 fuitque
511 4312 566 4367 iam
589 4329 650 4366 cum
669 4314 893 4381 compungeretur
910 4312 989 4380 (saec.
1007 4309 1091 4380 XVI).
1120 4311 1161 4364 ita
1177 4309 1246 4364 mihi
1270 4311 1343 4364 certe
1367 4310 1437 4365 nihil

224 4399 332 4454 obstare
350 4397 469 4462 videtur,
488 4397 631 4468 quominus
649 4401 677 4454 et
694 4399 777 4454 cetb
790 4398 855 4452 olim
868 4397 988 4452 Troadas
1000 4398 1191 4452 continuerint.
1222 4397 1340 4450 ceterum
1353 4397 1435 4451 etiam
1525 4427 1527 4434 ‹

223 4501 238 4540 c
264 4487 321 4538 tam
343 4483 452 4538 foedmn
477 4487 520 4539 est
537 4477 642 4557 'saeculi
660 4485 708 4539 XV
736 4485 856 4540 exeuntis
877 4484 1042 4554 exemplum,
1070 4487 1101 4538 ut
1118 4481 1316 4538 Kirchhoifinm
1335 4484 1358 4538 si
1376 4483 1435 4552 ipse

138 4585 141 4590 ·
223 4569 338 4626 vidisset
355 4573 500 4641 utrumque
517 4571 635 4626 codicem
653 4571 822 4628 abiecturum
841 4570 924 4626 fuisse
945 4569 1087 4626 adfirmare
1106 4569 1227 4624 audeam.
