3626 5288
805 413 841 472 11.
859 419 885 472 2.
1399 407 1454 472 v159

475 596 527 654 tur
555 590 664 656 fabula
693 596 724 655 et
744 587 887 654 inaudita
909 589 994 654 latet.
1033 590 1121 672 atqui
1143 589 1311 671 sexaginta
1333 595 1455 673 septem

477 694 663 778 tragoediae
683 699 714 758 et
737 693 846 777 spuria
866 694 973 758 omnia
993 700 1069 758 nota
1085 699 1165 758 sunt.
1204 711 1280 775 ergo
1295 711 1359 757 una
1373 712 1455 775 quae

477 797 577 864 defuit
607 798 747 882 satyrica
772 797 884 862 fabula
908 797 973 862 iam¹
1000 817 1040 862 ex
1061 797 1165 881 prima
1186 797 1292 861 littera
1312 797 1455 882 innotuit,

477 909 509 967 et
534 902 697 968 absolutus
725 907 773 966 est
805 900 976 982 catalogus.
1027 899 1112 982 quod
1135 905 1220 964 recte
1246 919 1305 964 nos
1332 901 1455 965 conclu-

476 1005 557 1070 sisse
576 1023 726 1070 numerus
746 1005 922 1068 litterarum
937 1002 1185 1088 supplendarum
1201 1002 1323 1068 evincit.
1358 1023 1456 1086 aegre

480 1111 564 1174 enim
583 1109 731 1173 undecim
752 1108 928 1172 litterarum
950 1127 1047 1171 unum
1061 1126 1176 1172 nomen
1190 1107 1342 1172 invenias.
1381 1110 1455 1172 scri-

477 1220 566 1298 ptum
592 1213 689 1296 igitur
716 1212 818 1277 extitit
839 1213 879 1274 Π
887 1261 973 1276 .....
987 1207 1129 1296 σάτυροι.
1175 1231 1234 1292 ego
1257 1232 1320 1276 non
1340 1213 1455 1277 navavi

477 1338 621 1402 operam,
644 1323 679 1380 ut
699 1317 880 1382 coniectura
902 1335 1017 1380 nomen
1037 1315 1226 1399 supplerem.
1263 1335 1399 1398 namque
1416 1336 1455 1381 ex

481 1421 607 1504 seriptis
633 1420 843 1486 monumentis
870 1419 996 1486 omnino
1022 1439 1086 1484 non
1112 1418 1321 1502 supplebitur;
1351 1439 1455 1502 neque

478 1531 564 1590 certo
593 1545 632 1589 ex
658 1524 816 1608 figuratis,
844 1524 906 1589 nisi
932 1523 1003 1606 quis
1026 1542 1106 1606 opus
1129 1543 1150 1586 a
1172 1523 1287 1588 Jahnio
1310 1530 1456 1608 coeptum

477 1628 720 1712 continuaverit,
757 1635 791 1692 ut
829 1625 985 1710 quidquid
1017 1627 1051 1690 in
1082 1627 1220 1692 vasculis
1255 1627 1453 1712 potissimum

477 1733 591 1797 Atticis
624 1753 663 1797 ex
694 1733 834 1816 satyrica
862 1731 953 1816 poesi
979 1735 1231 1829 promanasseth
1250 1731 1455 1814 coniungeret

481 1835 640 1920 digereret
663 1837 867 1901 examinaret.

239 1939 397 2028 e=73(*)
437 1937 587 2026 Σκείρων.

478 2043 514 2110 si
536 2043 578 2108 ad
598 2043 729 2108 vascula
748 2043 835 2128 picta
856 2043 957 2126 quinti
980 2042 1099 2107 saeculi
1120 2041 1347 2127 respexissent,
1368 2064 1455 2108 num-

481 2168 576 2229 quam
606 2147 813 2212 coniecissent
840 2145 1024 2232 Euripidem
1052 2145 1092 2210 de
1116 2145 1246 2210 Scirone
1268 2145 1457 2212 Procrustae

482 2251 622 2315 fabulam
644 2271 802 2328 narrasse.

242 2355 398 2441 7=74(*)
440 2347 557 2431 ουλεύς.

487 2464 722 2542 argumentum:
759 2455 892 2521 Tzetzes
925 2455 965 2520 de
996 2453 1168 2520 comoedia.
1202 2451 1267 2541 (pg.
1289 2457 1387 2521 xlxi
1402 2467 1455 2540 Ι77

481 2561 600 2648 Dttbn.)
635 2559 671 2624 0.
695 2559 788 2625 Jahn.
810 2559 904 2624 Arch.
927 2559 1004 2624 Zeit.
1030 2565 1123 2624 1861.
1223 2642 1232 2651 ‚.

659 2697 863 2761 ΣΑΤΥΡΟΙ
889 2697 1042 2762 ΝΟΘΟΙ.

243 2819 371 2883 8=75*
443 2813 596 2904 Σίσυφος.
642 2824 790 2882 411-5.
836 2817 975 2900 genuina
994 2823 1026 2882 et
1047 2815 1173 2900 perdita
1194 2821 1267 2880 415.

185 2921 188 2926 ’
484 2921 531 2988 cf.
554 2928 649 3006 caput
669 2941 814 3004 sequens.

621 3057 902 3124 ΤΡΑΓΩΙΔΙΑΙ
927 3059 1089 3124 ΝΟΘΑΙ.

246 3183 379 3262 1=76†
451 3176 642 3265 Πειρίθους.
688 3185 833 3245 411-5.

484 3283 530 3350 of.
547 3290 643 3368 caput
658 3303 803 3366 sequens.
834 3289 1067 3368 argumentum:
1091 3281 1187 3348 schol.
1205 3279 1301 3366 Greg.
1317 3281 1458 3348 Corinth.

482 3388 515 3452 in
537 3387 686 3470 Hermcg.
711 3386 778 3450 VH.
803 3395 886 3452 1312
908 3385 957 3450 W.

244 3497 350 3553 2=7t
445 3483 677 3572 Ῥαδάμανθυς.
722 3497 869 3554 411-5.

246 3599 351 3658 3=78
449 3589 575 3680 Τέννης.
618 3590 767 3658 ’411-5,

275 3687 284 3698 ’
332 3697 524 3762 Fabularum
544 3696 722 3762 nominibus
749 3701 901 3778 quotquot
928 3701 1014 3761 certo
1038 3699 1069 3760 et
1090 3694 1266 3760 indubitato
1280 3695 1460 3761 testimonio

244 3800 384 3865 nitrmtur
416 3799 548 3866 conlatis
574 3799 691 3864 iustum
717 3817 883 3864 numerum
910 3798 1116 3882 explevimus.
1166 3803 1277 3882 restat,
1309 3804 1344 3862 ut
1364 3797 1462 3863 dubia

246 3903 474 3987 examinemus,
497 3923 537 3968 ne
552 3923 611 3986 per
626 3902 789 3967 arbitrium
805 3919 887 3984 quae
901 3902 1112 3968 voluissemus
1128 3900 1271 3967 effecisse
1285 3900 1460 3968 videamur.

244 4004 288 4092 μὴ
312 4003 492 4090 σῳζομένας
514 4005 639 4071 fabulas
660 4006 722 4070 huc
743 4025 805 4072 non
828 4005 934 4070 facere
955 4005 1020 4069 iam
1045 4004 1225 4089 docuimus,
1254 4004 1367 4088 quibus
1390 4005 1461 4070 sub-

244 4108 317 4174 latis
339 4128 462 4192 paucae
485 4115 517 4174 et
537 4110 623 4174 nullo
650 4109 777 4192 negotio
804 4108 965 4174 tollendae
992 4115 1169 4192 supersunt.
1214 4129 1289 4172 nam
1312 4107 1461 4192 Scyllam,

246 4231 341 4294 quam
363 4207 661 4279 locum'Aristotelis
682 4219 766 4297 poet.
784 4217 885 4278 1454·
903 4220 1060 4296 til-prave
1074 4211 1286 4296 interpretati,
1308 4210 1461 4294 Lamiam,

246 4334 328 4397 quae
348 4316 515 4398 prologum
535 4317 642 4382 nescio
666 4317 755 4381 cuius
782 4315 911 4380 fabulae
933 4315 1086 4380 recitasse
1107 4313 1209 4401 (cuius
1230 4313 1353 4378 initium
1376 4320 1463 4378 extat

245 4418 288 4500 fg.
311 4418 388 4505 914)
421 4439 484 4483 non
514 4420 640 4486 fabulae
673 4437 788 4486 nomen
818 4419 946 4484 dedisse
975 4417 1123 4502 traditur,
1156 4419 1238 4482 ultro
1270 4418 1463 4483 sustulerunt

244 4521 332 4586 illam
353 4521 531 4586 Piraeicum
555 4523 637 4588 hanc
662 4523 821 4588 Albanum
849 4541 996 4587 marmor.
1041 4527 1075 4586 at
1102 4541 1143 4585 ex
1166 4518 1287 4586 Cadmo
1307 4527 1374 4586 tres
1392 4541 1462 4586 ver-
