3666 5296
385 423 437 481 174
962 421 998 480 11.
1016 423 1042 480 4.

382 598 452 663 veri
483 603 517 664 et
549 596 627 664 recti
659 595 798 682 positum
835 605 892 664 cst
943 598 1111 684 Supplices
1141 595 1299 684 ἐγκώμιον
1324 589 1479 688 Ἀθηνῶν
1509 605 1602 668 vocat

383 701 613 786 Aristophanes
628 701 816 786 Byzantius:
839 701 925 768 idem
948 723 1045 786 quam
1065 703 1203 770 maxime
1225 705 1258 768 in
1272 705 1486 771 Erechtheum
1506 725 1602 770 unam

382 823 423 870 ex
457 806 740 889 praestantissimis
773 805 890 872 fabulis
926 806 1071 889 quadrat.
1129 807 1308 874 Erechtheo
1345 808 1486 874 victores
1520 809 1601 874 cele-

382 908 514 974 brantur
546 908 757 976 Athenienses
792 909 833 976 de
866 909 1010 976 hostibus
1045 911 1100 994 qui
1133 912 1167 976 in
1200 931 1297 994 agros
1327 911 1450 977 Atticos
1476 912 1601 996 inrupe-

382 1018 469 1097 rant,
499 1033 563 1096 pax
593 1020 782 1098 recuperata
804 1015 941 1098 canitur;
964 1013 1167 1100 Supplicibus
1184 1015 1313 1081 Thebas
1329 1013 1478 1081 σκοτεινὰ
1492 1009 1602 1100 πράσ-

381 1135 501 1180 σουσαν
531 1109 630 1182 πόλιν
657 1116 804 1204 (quarum
832 1117 969 1202 pertidia
993 1119 1027 1183 in
1056 1119 1196 1184 Panacto
1227 1119 1363 1203 primum
1383 1124 1454 1194 {non
1477 1117 1601 1185 reddito

381 1219 498 1286 deinde
521 1219 626 1287 diruto
645 1241 680 1287 se
702 1221 950 1308 monstraverat)
976 1223 1062 1288 iusta
1079 1221 1221 1288 vindicta
1242 1223 1346 1306 punit,
1379 1241 1450 1288 cnm
1473 1221 1601 1305 Argivis

382 1323 496 1391 foedus
533 1325 640 1410 icitur,
675 1324 761 1408 quod
792 1325 1040 1410 prudentissime
1068 1331 1215 1392 suaserat
1241 1325 1434 1392 Alcibiades.
1483 1324 1601 1390 Erech·

381 1426 447 1496 thei
469 1428 591 1496 exodus
613 1427 764 1494 distincta
786 1435 837 1496 est
857 1429 980 1496 cantico
1002 1429 1137 1495 militnm
1158 1429 1328 1514 victorum,
1340 1428 1366 1515 1)
1396 1427 1600 1512 Supplicibus

381 1551 507 1615 quoque
528 1527 782 1621 παραχορήγημα
802 1533 886 1600 inest
906 1553 1093 1619 puerorum3
1123 1533 1188 1598 illie
1209 1531 1381 1598 Erechthei
1411 1532 1464 1597 hic
1482 1531 1601 1597 Thesei

382 1636 491 1719 gravis
521 1637 592 1702 rixa
612 1657 683 1702 cum
709 1657 868 1722 praecone
895 1637 1003 1704 hostili
1014 1635 1041 1725 ²)
1060 1675 1102 1684 -
1130 1635 1297 1719 utrobique
1319 1655 1473 1721 praesens
1495 1654 1602 1701 rerum

381 1744 483 1806 status
514 1740 573 1805 sub
602 1741 741 1825 imagine
766 1748 944 1827 temporum
971 1740 1189 1807 fabulosorum
1215 1741 1337 1824 agitur,
1369 1739 1536 1821 utrobique
1560 1757 1601 1804 ex

380 1843 585 1911 nobilissimis
619 1851 652 1910 et
678 1845 935 1912 celebratissimis
957 1845 1199 1912 Atheniensium
1222 1844 1355 1910 facinus
1400 1863 1464 1909 non
1487 1842 1600 1908 abhor-
1658 1859 1660 1872 ³

380 1947 483 2013 ruisse
506 1946 692 2034 Euripidem
719 1949 987 2016 aconsuetudine
1009 1948 1178 2035 Aeschyli,
1204 1947 1345 2014 iunxisse
1365 1945 1524 2013 interdum
1547 1945 1600 2010 tri-

379 2051 466 2134 logia
494 2052 622 2118 fabulas
647 2051 850 2120 historiarum
872 2053 1009 2136 quodam
1033 2054 1172 2138 vinculo,
1201 2051 1247 2118 ita
1269 2058 1376 2118 tamen
1397 2057 1433 2115 ut
1455 2050 1600 2133 singulae

378 2153 508 2221 fabulae
530 2156 695 2222 absolutae
715 2176 774 2241 per·
796 2177 831 2223 sc
853 2163 940 2223 stare
961 2163 1110 2242 possent,
1133 2155 1312 2222 didascalia
1326 2155 1402 2220 anni
1416 2159 1480 2219 415
1497 2152 1599 2218 docet.

369 2255 466 2323 'haud
489 2258 643 2325 absimilis
664 2258 746 2325 haec
768 2259 867 2327 fuisse
889 2260 1033 2344 videtnr;
1061 2260 1220 2326 curiosum
1241 2259 1340 2342 igitur
1362 2263 1449 2324 esset
1470 2257 1596 2323 tertiam

380 2361 509 2428 nouisse
532 2363 739 2447 tragoediam.
774 2369 808 2430 at
828 2364 948 2430 frustra
969 2364 1168 2448 quaerimus3
1190 2382 1327 2445 namque
1349 2363 1423 2446 Ion,
1447 2379 1532 2443 qnae
1556 2378 1597 2424 ex

378 2464 492 2533 Atticis
512 2466 630 2533 fabulis
652 2468 775 2534 soloin
796 2487 927 2535 censum
948 2469 1057 2534 venire
1078 2473 1200 2553 potest,
1231 2486 1303 2532 cum
1326 2465 1398 2531 aliis
1416 2464 1458 2530 de
1481 2461 1597 2546 causis,

377 2575 444 2635 tum
469 2571 545 2654 quia
573 2571 639 2638 lon.
664 2579 727 2638 277
751 2591 819 2656 sqq.
848 2571 1019 2638 Erechthei
1040 2570 1150 2638 fabula
1170 2576 1334 2654 narratur,
1359 2568 1462 2653 quod,
1485 2567 1513 2633 si
1536 2572 1598 2632 tra-

377 2673 495 2758 goedia
519 2676 592 2760 ipsa
619 2677 863 2762 praecessisset,
893 2677 1036 2761 ineptum
1065 2675 1156 2742 foret
1202 2681 1236 2740 at
1260 2673 1369 2758 paullo
1387 2677 1461 2757 post
1481 2669 1598 2736 Erech-

377 2777 486 2844 theum
505 2779 615 2846 Ionem
637 2779 764 2846 doctam
787 2799 859 2847 esse
873 2779 954 2846 haec
970 2799 1095 2863 quoque
1111 2778 1255 2846 suadent.
1292 2774 1484 2842 Heraclidae
1500 2791 1598 2858 supra

376 2888 485 2948 notam
507 2891 668 2950 saa-27
694 2883 910 2970 Cresphontes
932 2889 1095 2950 leo-25
1119 2887 1234 2969 portat.
1279 2881 1424 2947 conicere
1439 2878 1598 2962 quispiam

376 2987 529 3071 potuerit,
551 2987 611 3053 has
633 2988 759 3054 fabulas
782 3009 853 3054 eum
874 2989 1050 3074 Hippolyto
1073 2986 1187 3053 eadem
1208 2985 1378 3068 tetralogia
1399 2984 1433 3048 in
1448 3001 1596 3048 scaenam

377 3090 514 3156 venisse.
549 3091 636 3174 quod
658 3098 690 3159 et
712 3092 784 3158 aliis
804 3092 983 3158 nominibus
1004 3089 1329 3176 inprobabilissimum
1343 3094 1406 3172 est,
1428 3092 1461 3151 et
1474 3085 1597 3150 duobus

376 3191 543 3280 Hippolyti
557 3195 635 3262 loeis
651 3195 806 3263 refellitur
821 3216 898 3263 sane
913 3194 1180 3261 memorabilibus.
1214 3200 1276 3258 831
1295 3191 1440 3257 Theseus
1455 3189 1597 3271 queritur

639 3329 818 3419 πρόσωθεν
840 3329 878 3399 de'
899 3336 1009 3398 ποθεν
1030 3323 1268 3414 ἅνακομίζομαι

637 3430 732 3516 τύχαν
753 3423 914 3520 δὰιμόνων

562 3563 564 3568 ·
638 3534 861 3622 &palaniorum
883 3541 947 3606 τῶν
968 3532 1133 3626 adpendet
1151 3559 1239 3615 τινος

330 3771 336 3783 .
375 3682 408 3742 et
429 3676 623 3764 liippolytus
648 3683 732 3744 1378

637 3807 664 3878 ὦ
686 3811 812 3899 πατρὸς
833 3809 911 3897 ἐμοῦ
933 3806 1090 3890 δύστανος
1112 3801 1185 3898 ἆρά,

549 3912 551 3916 ’
635 3911 815 4005 μιαιφόνων
835 3941 871 3982 τε
894 3911 1065 4003 συγγόνων,

634 4021 787 4094 Ιποιλαιιῖν
808 4017 1069 4110 προγεινητόρων

636 4121 813 4213 ἒξορίζεται
835 4122 936 4192 κακὸν
959 4149 989 4190 κ.
1001 4148 1029 4192 ι.
1042 4118 1067 4190 ἕ.

376 4283 629 4295 -ο--ω--η--οο-

460 4365 488 4433 1)
512 4363 621 4434 Eragm.
644 4363 703 4419 370
747 4360 857 4417 chorum
890 4375 921 4415 er
945 4358 1117 4421 mulieribus,
1148 4357 1190 4413 nti
1217 4359 1311 4426 aptam
1334 4355 1406 4422 crat,
1439 4349 1596 4407 constitisse

371 4448 559 4504 demonstrant
576 4447 721 4504 Erechthei
734 4449 824 4522 ¹verba
840 4447 893 4504 353
916 4446 1050 4507 dtotdler'
1072 4445 1093 4497 ὠ
1111 4451 1239 4515 γυναῖκες
1258 4465 1282 4498 κ.
1301 4461 1325 4496 ι.
1343 4441 1365 4496 ἑ.

457 4555 485 4626 2)
504 4552 631 4608 Erechth.
648 4551 804 4609 auu-358.
842 4551 937 4620 Suppl.
954 4549 1008 4605 400
1026 4563 1084 4618 sqq.
