3666 5296
832 421 883 484 111.
901 427 926 484 1.
1435 417 1500 482 195·

302 691 304 700 .
362 601 497 674 Restant
529 610 704 692 systemata
735 604 942 690 anapaestico
970 609 1003 670 et
1038 599 1251 668 diverbiornm
1283 599 1422 686 numeri,
1455 609 1487 669 et

274 710 402 776 iambici
428 718 461 776 et
485 711 637 777 trochaici
665 729 745 794 quos
772 709 962 775 coniunctim
990 713 1128 772 tractare
1149 707 1231 772 licet.
1277 727 1316 773 ac
1335 727 1487 792 magnam

275 815 343 879 veri
365 822 489 898 partem
512 813 550 879 G.
573 813 758 880 Dindorflus
780 812 860 878 vidit
881 813 970 878 cuins
991 811 1072 877 haec
1093 812 1193 878 verba
1210 818 1284 876 sunt
1303 812 1336 876 in
1359 812 1486 894 quintae

275 918 426 1002 Aeschyli
459 919 605 985 editionis
643 919 774 984 minoris
804 916 1000 1002 praefatione
1032 938 1084 1001 pg.
1113 915 1232 981 XXIII.
1286 915 1394 980 Prom.
1423 922 1486 982 980

276 1023 347 1087 ΠΡ.
369 1017 463 1105 ὤμοι.
487 1021 559 1111 [ΕΡ.
584 1017 685 1106 ὤμοις
706 1017 877 1099 ιόδεΖεύς
897 1015 1020 1100 τοῦπος
1040 1015 1312 1107 embriciatas]
1349 1020 1487 1084 aiterum

166 1129 170 1138 '
275 1121 376 1208 dipem
399 1128 528 1192 addidit
548 1126 733 1193 Richardas
757 1125 967 1192 Schneideees
983 1127 1020 1190 ie
1037 1125 1282 1207 Quaestiocibes
1297 1123 1486 1206 Χιιιιρίιθιι-

276 1231 335 1295 teis
355 1230 492 1296 Bonam
513 1233 610 1297 editis
631 1252 660 1298 ιι.
686 1239 770 1297 1860
787 1254 823 1313 p.
840 1237 881 1296 38
898 1231 1011 1312 peiore
1029 1227 1113 1312 ὦμοι
1133 1234 1226 1294 cetra
1239 1249 1364 1294 casum
1373 1230 1487 1311 posito.

275 1355 339 1416 qua
361 1336 577 1402 emendatione
593 1340 765 1418 propterea
786 1355 866 1417 opes
888 1339 972 1411 met,
995 1354 1034 1399 uc
1056 1334 1196 1400 trimeter
1217 1334 1302 1398 ieter
1316 1334 1400 1399 daus
1410 1353 1486 1416 per-

275 1458 369 1504 sonas
392 1440 561 1505 dividatur
579 1445 690 1506 contre
718 1439 813 1523 leyem
835 1439 1015 1523 trepeediae
1038 1438 1205 1522 antiquae,
1235 1437 1404 1521 diliqenter
1422 1457 1487 1502 ser·

275 1546 383 1608 uatem
403 1545 439 1608 ie
463 1548 579 1624 septem
601 1543 751 1626 Aeschyli
776 1543 949 1626 tropoediis
970 1546 998 1608 et
1021 1543 1061 1608 cb
1082 1541 1233 1623 Sophocle
1253 1543 1290 1606 ia
1312 1542 1487 1626 Antipera,

273 1646 460 1729 fabularum
492 1669 575 1730 qaae
606 1652 779 1730 supersedi
810 1648 1046 1730 dotatissima.
1096 1644 1210 1712 eadem
1238 1645 1279 1711 de
1307 1667 1405 1712 causa
1429 1665 1487 1710 suo

275 1751 343 1817 iure
365 1751 451 1818 idem
472 1751 657 1818 Dindorfius
680 1753 767 1837 Sept.
783 1759 845 1816 218
862 1759 1043 1837 corruptum
1064 1750 1157 1836 dixit,
1179 1771 1370 1834 quamquam
1384 1770 1487 1815 emen-

276 1853 435 1921 dationem
455 1856 627 1941 perfecisse
648 1877 711 1923 non
731 1855 866 1922 videtur.
911 1863 1017 1922 tamen
1039 1855 1114 1938 quin
1136 1856 1312 1921 certissima
1333 1855 1414 1920 haec
1435 1854 1487 1919 lex

275 1959 329 2043 sit,
357 1960 408 2024 cni
433 1960 585 2026 trochaici
612 1959 760 2044 quadrati
782 1980 908 2044 quoque
930 1960 1149 2046 obtemperent
1170 1959 1210 2025 ab
1233 1957 1393 2046 Aeschylo
1416 1978 1487 2024 con-

274 2063 417 2148 pluribus
436 2065 553 2130 fabulis
575 2066 731 2150 usurpati,
755 2065 884 2130 dubium
905 2085 977 2132 esse
1000 2065 1116 2148 nequit.
1162 2084 1279 2149 operae
1297 2070 1403 2129 autem
1417 2083 1486 2148 pre-

275 2169 353 2234 tium
385 2169 557 2254 inquirere,
591 2190 667 2236 num
695 2170 775 2256 legis
805 2170 1008 2236 severitatem
1038 2169 1111 2235 ilico
1141 2169 1301 2253 exceperit
1330 2168 1489 2234 infrenata

275 2272 382 2338 libido.
427 2295 466 2338 ac
498 2275 636 2359 primum
669 2272 796 2357 quidem
823 2295 844 2339 a
876 2273 1006 2339 hhidine
1038 2274 1143 2339 aliena
1171 2294 1211 2340 ea
1239 2272 1360 2356 dialogi
1385 2271 1488 2338 forma

276 2385 336 2461 est,
360 2377 400 2443 de
420 2398 484 2460 qua
504 2379 702 2462 grammatici
716 2377 843 2443 doctum
855 2377 1009 2442 habemus
1023 2377 1235 2444 testimoninm
1250 2375 1336 2462 apud
1349 2376 1488 2463 Hesyoh.

275 2473 463 2565 α’νιιλαβαί·
495 2479 678 2567 διαλογικαὶ
698 2475 806 2569 ῥήσεις
828 2479 864 2562 ἐξ
883 2477 1072 2570 ἡμιστιχίων
1087 2475 1254 2566 λεγόμεναι
1272 2479 1354 2546 κατὰ
1374 2480 1489 2569 μικρὸν

274 2585 318 2673 (l)
340 2584 432 2671 παρὰ
452 2590 623 2673 τραγικοῖς.
669 2585 877 2672 adstringitur
899 2587 982 2652 enim
1004 2587 1084 2652 haec
1107 2587 1372 2654 concitatissimos
1394 2587 1486 2652 alter·

275 2691 407 2757 cationis
429 2691 533 2757 forma
555 2691 676 2757 eisdem
696 2698 791 2780 atque
812 2690 1036 2777 stiobomythia
1053 2691 1186 2776 legibus.
1218 2691 1378 2758 antilabae
1401 2687 1487 2777 apud

275 2794 465 2880 Sophoclem
490 2797 523 2862 in
557 2797 701 2862 omnibus
727 2802 855 2882 praeter
879 2797 1071 2880 Antigonam
1104 2796 1278 2882 tragoediis
1306 2805 1487 2882 occurrunt,
1609 2858 1611 2864 ,

275 2899 437 2984 Euripidis
461 2901 597 2967 Alcestis
618 2899 733 2966 Medea
750 2901 944 2986 Hippolytus
965 2900 1155 2968 Heraclidae
1175 2899 1399 2967 Andromacha
1420 2903 1439 2968 i.
1459 2923 1486 2966 e.

275 3003 401 3068 fabulae
434 3025 635 3070 numerorum
669 3005 863 3070 severiorum
894 3012 925 3070 et
952 3025 991 3070 ex
1017 3005 1244 3090 posterioribus
1272 3005 1416 3072 Troades
1442 3007 1488 3072 eis

275 3115 391 3172 carent.
449 3107 669 3191 antiquissima
697 3109 793 3194 igitur
826 3109 972 3194 exempla
1006 3109 1125 3174 Hecub.
1155 3115 1238 3175 1283
1267 3129 1313 3193 sq.
1362 3111 1488 3176 Hercul.

278 3217 409 3274 1417-
419 3219 475 3296 21,
496 3212 680 3296 paucissimi
703 3232 780 3278 sane
795 3233 907 3278 versus
922 3219 954 3278 et
968 3213 1096 3297 longam
1110 3212 1365 3300 stichomythiam
1379 3213 1486 3280 finien-

275 3321 324 3380 tes
353 3336 373 3380 a
395 3315 572 3400 Sophocleo
598 3337 686 3382 more
715 3318 809 3401 longe
835 3317 958 3382 absunt.
1005 3317 1244 3400 frequentantur
1271 3318 1430 3385 antilabae
1455 3319 1487 3383 in

275 3419 364 3504 lone,
386 3420 475 3486 cuius
497 3428 586 3486 aetas
608 3441 810 3505 nequaquam
832 3428 920 3487 certa
934 3428 994 3506 est,
1018 3428 1050 3487 et
1064 3422 1097 3486 in
1111 3421 1227 3488 fabulis
1241 3422 1382 3506 Electra,
1406 3442 1488 3505 quae

275 3523 425 3589 Hecubae
447 3524 638 3608 Herculique
668 3525 779 3590 sImilis
809 3531 870 3608 est,
904 3525 1147 3609 posterioribus,
1181 3526 1352 3611 praecipue
1381 3533 1488 3592 tamen

275 3627 307 3691 in
325 3629 516 3694 tetrametris
530 3629 720 3713 trochaicis,
744 3629 858 3712 quibus
881 3628 1055 3713 Sophocles
1076 3650 1140 3694 non
1162 3629 1231 3694 sine
1253 3630 1402 3694 antilabis
1423 3631 1487 3695 iam

275 3730 307 3795 in
328 3730 451 3817 Oedipo
478 3732 587 3816 utitur,
614 3733 647 3798 in
669 3732 808 3798 Hercule
834 3731 961 3797 demum
985 3738 1080 3816 atque
1103 3733 1171 3798 sine
1193 3731 1342 3799 antilabis
1363 3731 1486 3817 Euripi-

247 3833 342 3900 xdes.
392 3836 451 3901 sed
475 3837 597 3920 passim
626 3836 722 3901 etiam
750 3839 783 3901 in
814 3835 941 3920 dialogo
968 3835 1142 3921 Sophocles
1165 3855 1277 3902 versus
1307 3835 1487 3922 discerpere

275 3941 393 4025 coepit,
423 3941 457 4005 in
474 3941 587 4024 Aiace,
609 3959 691 4024 quae
714 3940 870 4006 antilabas
894 3945 955 4006 591
980 3961 1048 4024 sqq.
1072 3939 1181 4024 habet,
1205 3946 1394 4008 981-983.
1424 3946 1486 4006 985

274 4045 357 4110 inter
373 4045 531 4110 Teucrum
562 4051 595 4110 et
625 4044 755 4111 chorum
782 4044 876 4110 divisi
902 4051 982 4110 sunt.
1030 4049 1064 4114 at
1091 4045 1136 4110 ita
1162 4043 1281 4110 divisos
1309 4045 1409 4111 voluit
1431 4044 1487 4112 So·

275 4147 406 4232 phocles
427 4157 463 4214 ut
483 4150 573 4215 laesa
595 4149 706 4233 regula
727 4149 843 4214 Teucri
864 4148 1033 4234 trepidatio
1053 4147 1279 4243 ostenderetur.
1312 4139 1419 4232 itaque
1440 4155 1488 4214 ter

275 4271 430 4318 unacum
452 4254 591 4320 numeris
614 4254 710 4319 etiam
730 4253 939 4336 grammatica
961 4251 1153 4318 continuatio
1176 4252 1381 4338 abrumpitur.
1416 4273 1487 4319 eon-

275 4357 363 4422 venit
396 4356 475 4423 haec
506 4377 577 4422 cum
610 4357 724 4423 ceteris
758 4356 938 4422 observatio
973 4355 1140 4439 firmatque
1170 4355 1300 4421 Maccm
1328 4356 1488 4440 Antigona

276 4459 404 4542 quidem
430 4461 651 4545 posteriorem,
679 4461 793 4526 ceteris
821 4460 937 4526 fabulis
961 4461 1099 4545 priorem
1122 4466 1199 4534 natu
1220 4479 1299 4526 esse.
1345 4459 1487 4546 Oedipus

275 4565 345 4631 Rex
371 4565 499 4633 Electra
521 4565 709 4630 Trachiniae
736 4564 905 4632 admittunt
927 4564 1055 4647 quidem
1081 4583 1209 4630 versum
1235 4565 1340 4649 fiangi
1358 4565 1426 4631 sine
1449 4585 1488 4630 ea

1204 4668 1267 4734 13*
