3594 5292
368 398 405 458 20
773 395 1088 466 ·,Ῑ.4,Ι

880 575 902 631 C
929 578 1068 634 erravit.

368 660 408 698 vs.
420 644 472 700 386
508 645 584 700 ἔστιν
601 646 631 702 P.
670 649 729 704 ἔστι
749 645 779 702 C.

419 733 469 788 581
509 730 590 805 ὑμεῖς
607 735 633 790 d’
651 733 682 788 P.
719 731 893 808 ίμεῑςτὈ.

420 820 472 873 825
507 821 669 894 παρήγγειλ’
687 822 718 875 P.
754 820 921 894 uepriyycii'
943 819 972 876 C.

419 905 471 961 899
505 905 723 982 τελεσσιδώτειρ’
741 908 771 962 Ρ.
808 905 1010 980 τελεσιὸώτειρ’
1030 906 1060 961 C.

872 1047 941 1101 loci
967 1044 1071 1100 dubii.

364 1143 367 1178 ¹
438 1147 470 1202 27
507 1147 560 1202 σὺν
577 1154 668 1208 κακῶς
686 1150 843 1223 πράσσουσι
862 1150 1039 1224 συμπράσσοι
1058 1155 1147 1210 κακῶς
1165 1148 1194 1205 C.
1230 1151 1390 1222 σσμιιάσχω
1409 1152 1439 1206 Ρ.

508 1235 589 1290 hodie
606 1236 758 1304 praefertur
777 1236 935 1309 συμπάσχω
954 1241 981 1292 et
998 1237 1138 1293 fatendum
1157 1225 1270 1302 est,ita
1288 1239 1419 1307 originem
1437 1239 1499 1294 vitii
1511 1238 1578 1292 faoi·

505 1322 559 1377 lius
574 1322 706 1392 intellegi.
744 1340 787 1378 me
806 1328 898 1377 tamen
916 1323 1016 1394 πάσχω
1034 1340 1094 1378 oum
1110 1323 1236 1378 adverbio
1255 1325 1375 1379 iunctum
1392 1325 1519 1394 offendit,
1548 1328 1581 1380 ut

508 1407 528 1462 G
554 1409 684 1464 libentius
710 1413 849 1464 secuturus
877 1411 936 1464 sim.
974 1413 1003 1465 at
1027 1410 1172 1480 digladiari
1195 1411 1257 1466 uolo
1281 1411 1310 1465 in
1333 1428 1375 1478 re,
1402 1429 1481 1482 quam
1507 1414 1579 1466 certo

507 1495 631 1550 dirimere
649 1497 673 1550 is
690 1498 795 1553 tantum
814 1498 925 1566 poterit,
945 1498 1035 1566 quiet
1053 1498 1183 1552 sermonis
1201 1502 1326 1553 naturam
1345 1501 1374 1553 ct
1389 1515 1467 1555 usum
1482 1499 1579 1554 melius

506 1581 611 1638 noverit
628 1599 709 1652 quam
728 1599 785 1653 ego.

954 1765 994 1843 4»

919 1895 1025 1963 Ion.

457 2033 613 2111 Quoniam
636 2034 818 2118 supplicum
842 2035 1058 2100 recensionem
1081 2035 1255 2118 legitimam
1278 2035 1350 2102 huic
1372 2035 1577 2121 disputationi

320 2215 324 2222 ,
367 2138 581 2224 adiunximus,
604 2158 644 2204 cx
664 2139 795 2223 fabulis,
818 2158 897 2221 quas
920 2159 941 2203 a
963 2138 988 2204 Ο
1012 2146 1044 2204 et
1065 2139 1091 2202 P
1114 2159 1154 2205 ex
1169 2140 1283 2206 codem
1296 2141 1376 2208 libro
1395 2139 1578 2226 desumptas

368 2264 439 2310 esse
462 2243 692 2329 contendimus,
716 2249 850 2326 quatuor
872 2249 992 2309 restant
1013 2243 1047 2307 in
1067 2251 1158 2328 parte
1182 2246 1293 2311 evulsa
1315 2246 1432 2312 codicis
1451 2251 1482 2308 <D
1505 2247 1578 2312 scri-

365 2355 450 2434 ptae.
496 2356 529 2414 at
556 2347 697 2415 Rhesum
729 2367 799 2413 eum
831 2347 946 2432 prioris
981 2367 1106 2431 quoquc
1136 2347 1256 2416 ordinis
1287 2349 1412 2418 codices
1443 2370 1578 2434 eamque

366 2454 465 2520 multo
504 2452 751 2520 emendatiorem
785 2453 965 2518 contineant
1002 2453 1127 2520 omnino
1157 2456 1268 2538 procul
1288 2454 1480 2522 ’habendam
1506 2474 1578 2520 esse

366 2563 463 2643 patet.
497 2577 557 2642 ego
576 2577 666 2642 vero,
686 2558 736 2622 cui
759 2563 790 2622 et
804 2556 914 2621 fabula
927 2556 1000 2641 ipsa
1013 2558 1156 2640 profecto
1176 2558 1254 2624 satis
1270 2557 1410 2624 absurda
1425 2564 1456 2624 et
1470 2559 1578 2642 ingen·

366 2668 415 2729 tes
437 2661 555 2727 codicis
581 2666 612 2725 (t)
630 2661 765 2726 mendac
787 2660 927 2726 taedium
941 2669 1121 2746 moverent,
1142 2683 1205 2728 non
1221 2663 1314 2746 plura
1329 2663 1459 2748 contuli,
1483 2681 1578 2746 quam

367 2787 449 2848 quae
477 2765 563 2830 idem
591 2765 675 2848 quod
697 2766 730 2830 iri
760 2766 837 2830 Ione
865 2772 897 2830 et
918 2766 1108 2850 iphigeniis,
1140 2767 1173 2832 in
1190 2765 1296 2832 Rheso
1329 2784 1454 2850 quoque
1474 2769 1578 2832 locum

365 2871 484 2936 habere
507 2870 686 2953 probarent.
732 2889 814 2951 quae
844 2869 895 2933 hio
918 2877 1064 2953 repetere
1087 2869 1164 2934 nihil
1188 2869 1325 2936 adtinet:
1339 2871 1385 2936 *si
1407 2872 1478 2954 quis
1500 2890 1577 2936 vero

367 2982 400 3040 et
429 2974 479 3040 his
510 2979 541 3038 et
568 2973 779 3056 gravioribus,
814 2992 893 3054 quas
915 2974 983 3038 fere
1006 2973 1167 3056 excerpsi,
1201 2972 1318 3040 codicis
1342 2973 1367 3038 O
1390 2974 1577 3040 lectionibus

369 3078 412 3143 ad
443 3098 511 3143 rem
535 3077 651 3141 seriam
670 3076 717 3141 uti
739 3076 838 3159 volet,
872 3077 902 3141 ei
924 3096 997 3141 mea
1019 3096 1145 3161 semper
1169 3081 1298 3160 praesto
1320 3077 1388 3142 sore
1416 3078 1573 3162 profiteor.

454 3179 609 3246 Iudicium
630 3181 663 3244 in
684 3179 735 3246 his
756 3180 872 3245 tabulis
895 3186 1045 3245 nontam
1068 3199 1201 3264 pronum
1224 3187 1286 3266 cst,
1309 3201 1403 3263 quam
1425 3183 1458 3247 in
1481 3182 1580 3247 tribus

369 3285 536 3368 prioribus.
574 3304 648 3348 nam
672 3283 744 3348 etO
768 3284 809 3348 ab
832 3284 897 3348 alia
917 3303 1012 3348 mann
1029 3283 1163 3368 scriptus
1179 3292 1229 3350 est
1246 3291 1332 3350 etex
1347 3305 1478 3351 numero
1494 3305 1579 3352 erro-

367 3408 452 3472 rum,
486 3408 565 3470 quos
595 3389 621 3452 P
654 3388 823 3472 commisit,
858 3388 1035 3454 certissimo
1050 3387 1180 3474 ,iudicio
1210 3388 1396 3471 conligimus
1428 3411 1491 3456 non
1522 3409 1581 3474 per

367 3498 562 3558 correctores
584 3491 713 3574 quidem
735 3498 768 3556 at
796 3511 855 3576 per
877 3497 1002 3576 tempus
1025 3493 1190 3574 tineasque
1212 3492 1294 3556 hanc
1317 3500 1440 3576 partem
1462 3494 1580 3560 codicis

371 3601 412 3681 d),
434 3602 602 3680 postquam
625 3593 650 3660 O
678 3615 719 3660 ex
742 3615 781 3660 ea
803 3594 982 3679 descriptus
1005 3604 1070 3680 est,
1099 3597 1199 3661 multa
1220 3596 1355 3662 vulnera
1375 3599 1580 3663 contraxisse.

368 3699 490 3766 accedit
512 3699 598 3782 quod
619 3700 676 3764 lon
697 3706 729 3765 et
748 3699 932 3766 Aulidensis
954 3699 1121 3784 Iphigenia
1142 3699 1230 3786 (narn
1246 3700 1383 3766 Taurica
1404 3721 1467 3767 non
1483 3702 1580 3766 multo

368 3805 529 3871 diversam
551 3823 572 3867 a
593 3803 794 3886 Supplioibus
817 3823 895 3888 prae
919 3823 953 3868 se
976 3803 1038 3869 tert
1061 3801 1215 3890 speciem)
1230 3803 1373 3888 plurimis
1388 3805 1421 3869 in
1436 3805 1580 3871 versibus

369 3908 450 3974 duas
466 3907 657 3972 exhibebant
670 3907 980 3994 lectiones,}quarum
996 3928 1067 3973 cum
1080 3907 1175 3973 modo
1189 3914 1357 3990 utramque
1372 3928 1467 3974 manu
1478 3909 1582 3992 prima

369 4011 557 4096 apographa
589 4011 759 4095 referrent,
795 4011 888 4076 modo
922 4032 1019 4077 mann
1053 4011 1193 4077 secunda
1223 4012 1357 4077 alteram
1387 4013 1580 4096 supplerent,

369 4115 463 4181 modo
486 4115 619 4182 alteram
642 4113 834 4198 omitterent,
858 4116 958 4180 secuti
979 4135 1180 4198 nequaquam
1195 4121 1282 4180 certo
1298 4135 1358 4180 usn
1373 4122 1428 4180 aut
1442 4116 1581 4199 priorem

368 4226 424 4286 aut
456 4218 676 4303 posteriorem,
706 4224 822 4299 quanto
856 4219 889 4282 in
919 4219 1100 4284 discrimine
1132 4226 1164 4282 et
1191 4217 1224 4282 in
1252 4217 1396 4300 legendis
1420 4217 1580 4283 codicibus

331 4401 333 4406 ¹
369 4323 452 4390 etin
473 4321 650 4388 indicandis
673 4322 859 4388 lectionibus
881 4341 1100 4405 versaremur,
1131 4323 1284 4404 exemplis
1306 4321 1489 4406 probarem,
1520 4322 1582 4387 nisi

369 4428 488 4513 peritos
511 4426 625 4492 docere
649 4425 833 4509 adrogantis
857 4434 951 4493 esset.
996 4445 1075 4508 quos
1102 4425 1191 4490 utin
1214 4444 1337 4490 summa
1359 4423 1452 4490 huius
1475 4424 1581 4508 dispu-

369 4531 497 4598 tationis
527 4530 758 4597 conseutientes
782 4529 946 4599 habiturus
969 4529 1044 4614 sim,
1073 4547 1136 4594 non
1162 4547 1284 4594 vereor.
1329 4533 1363 4594 at
1383 4527 1490 4596 hercle
1510 4549 1580 4614 por-
