3594 5292
362 409 397 464 52
951 400 973 456 1.
991 401 1017 454 8.

361 583 529 660 utrumque
557 582 663 642 tamen
691 573 817 640 sublimi
846 571 1487 660 111111111131111111111111111111,
1521 572 1575 654 qui

360 682 478 748 bellam
505 681 679 746 clausulam
702 675 822 742 1111111
852 669 1064 764 prospectari.
1095 675 1291 742 Baccharum
1321 676 1448 742 fabulae
1478 675 1575 742 adne-

361 791 469 852 cteret.
514 805 590 870 ergo
614 784 719 849 divino
741 782 868 846 nurnine
884 779 1021 846 adflatae
1039 780 1212 846 maenades
1228 800 1269 845 ex
1287 780 1573 846 interitu'mortalis

362 891 417 974 qui
447 889 541 955 deum
569 908 679 954 earum
701 887 877 971 repulerat,
906 907 946 952 cx
968 886 1134 952 maiestate
1158 885 1211 950 dei
1233 905 1328 968 quem
1348 885 1422 951 inde
1448 905 1469 950 a
1490 887 1575 972 prin·

361 994 443 1080 cipio
470 993 650 1060 cecinerant
679 992 854 1076 luculenter
884 990 1024 1056 exhibita
1053 989 1087 1054 id
1110 989 1263 1073 didicere,
1293 991 1496 1075 inexpectata
1516 1010 1575 1074 pcr

361 1098 439 1166 deos
467 1096 576 1182 perfici
605 1135 646 1143 -
675 1103 709 1160 at
735 1095 769 1160 id
790 1116 853 1160 non
880 1094 1116 1177 dubitaverant;
1147 1114 1221 1178 spes
1249 1094 1355 1159 irritas
1385 1093 1501 1161 cadere
1532 1132 1574 1144 ·-

362 1201 547 1268 cuiusnam?
590 1221 632 1266 an
660 1199 742 1266 11111
767 1199 1005 1282 eorumquiin
1032 1198 1127 1264 deum
1149 1197 1306 1264 credunt?
1350 1205 1435 1284 sunt,
1458 1199 1512 1282 qui
1535 1219 1576 1264 ex

361 1307 433 1390 ipsa
455 1304 651 1372 absurditate
673 1302 819 1388 Euripidi
837 1303 900 1368 ista
919 1301 1109 1368 vindicaturi
1130 1302 1200 1368 sint.
1246 1321 1306 1386 ego
1329 1301 1446 1369 ineius
1465 1323 1576 1370 sanam

288 1400 290 1406 ’
361 1416 499 1475 mentem
521 1408 625 1474 credo.
669 1408 777 1489 itaque
800 1427 940 1472 summas
962 1407 1083 1492 gratias
1103 1406 1207 1472 habco
1229 1406 1390 1492 Nauckio,
1413 1408 1467 1490 qui
1492 1407 1575 1472 frau-

362 1513 435 1580 dem
456 1513 661 1599 iupudentem
681 1510 914 1594 significaverit.
953 1513 1042 1594 'quae
1064 1531 1136 1575 cum
1149 1511 1195 1574 ita
1210 1511 1288 1596 sint,
1310 1511 1389 1576 nihil
1410 1511 1454 1577 ad
1468 1511 1576 1578 viden-

362 1617 436 1682 dum
457 1616 598 1700 iacihus,
650 1635 745 1698 quam
767 1615 935 1700 absumpta
956 1615 1067 1681 ultima
1086 1621 1178 1700 parte
1194 1612 1320 1681 ¹codicis
1342 1634 1438 1682 unum
1462 1636 1572 1701 super-

360 1721 459 1787 fuisse
481 1720 605 1804 folium,
628 1720 791 1784 continens
814 1719 893 1784 illud
913 1739 1026 1786 versus
1049 1719 1263 1803 quadraginta
1286 1726 1481 1786 1331-70.

449 1845 524 1890 num
546 1844 622 1890 vero
645 1822 719 1889 inde
740 1824 954 1906 consequitur,
977 1823 1120 1890 Bacchas
1144 1830 1176 1888 et
1198 1824 1343 1890 Troadas
1365 1845 1386 1889 a
1407 1826 1434 1890 P
1456 1845 1520 1890 non
1534 1844 1575 1890 111

362 1929 475 1996 eodem
496 1934 638 2013 sumptas
661 1947 732 1994 esse
756 1927 888 1994 codice?
917 1928 1044 1993 minime
1066 1947 1152 1993 vero,
1197 1921 1277 1993 nam'
1287 1928 1449 1995 Troadum
1463 1948 1577 1996 versus

362 2033 456 2100 valde
479 2033 643 2121 probabile
667 2039 717 2098 est
738 2033 842 2098 labem
864 2032 897 2096 in
919 2031 1092 2117 archetypo
1116 2031 1241 2098 demum
1264 2031 1398 2119 codicis,
1428 2035 1460 2098 in
1485 2039 1577 2118 patre

363 2144 398 2202 ut
418 2139 464 2203 ita
486 2137 606 2221 dicam,
630 2137 839 2220 contraxisse,
868 2137 1016 2219 quoniam
1038 2137 1079 2202 ab
1103 2137 1188 2202 omni
1209 2138 1451 2222 interpolatione
1471 2138 1534 2204 imo
1558 2157 1579 2200 a

366 2243 456 2326 signo
478 2237 585 2306 λείπει
607 2242 700 2306 vacui
723 2247 804 2308 sunt.
840 2241 986 2307 Bacchae
1009 2262 1085 2307 vero
1109 2241 1163 2306 diu
1186 2248 1281 2307 antea
1296 2242 1330 2308 id
1343 2263 1501 2326 perpessa
1516 2247 1577 2307 cst:

365 2367 439 2412 nam
460 2367 523 2411 nou
545 2351 610 2410 tarn
633 2346 778 2412 celeriter
796 2345 990 2430 Byzantinus
1019 2352 1129 2430 stupor
1151 2352 1283 2412 eatenus
1306 2367 1342 2413 11
1365 2345 1516 2430 concitat,
1543 2351 1580 2410 ut

365 2456 489 2536 partem
511 2449 695 2533 tragoediae
715 2451 877 2535 suppleat,
900 2470 1085 2516 revocamur
1107 2451 1203 2534 igitur
1223 2449 1265 2515 ad
1288 2471 1418 2516 avorum
1440 2451 1578 2532 aliquem

366 2555 484 2646 codicis
508 2555 652 2620 Palatini.

958 2753 987 2812 8.

453 2868 521 2934 lam
549 2867 592 2933 ad
620 2873 754 2950 quatuor
775 2866 901 2932 fabulas
920 2868 1035 2951 prioris
1058 2867 1178 2934 ordinis
1210 2888 1289 2951 quas
1317 2868 1342 2934 O
1373 2875 1406 2935 ct
1434 2869 1461 2933 P
1484 2869 1580 2934 conti-

365 2979 442 3040 nent
474 2971 701 3038 transeundum
730 2978 828 3055 esset,
863 2977 898 3035 ut
925 2972 1109 3056 probarem,
1143 2993 1205 3037 non
1232 2972 1360 3054 quidem
1394 2993 1435 3038 ex
1465 2972 1578 3040 eodem

365 3079 446 3143 libro
469 3097 524 3143 eos
546 3075 700 3161 pendere,
724 3082 757 3140 at
772 3076 869 3141 multo
884 3077 1144 3160 propinquiorem
1159 3097 1231 3143 esse
1246 3078 1467 3160 cognationem
1483 3098 1580 3161 quam

367 3201 450 3246 nunc
472 3180 649 3264 videretur,
678 3179 805 3246 differre
829 3186 935 3246 autem
958 3201 996 3246 eo
1018 3181 1217 3264 potissimum
1240 3181 1324 3263 quod
1345 3182 1371 3247 P
1395 3202 1435 3248 ex
1456 3182 1582 3264 vulgari

366 3285 550 3351 recensione
576 3284 785 3368 interpolatus
812 3291 905 3350 esset.
951 3284 1101 3368 deinceps
1122 3286 1263 3350 11111111
1284 3306 1348 3351 111
1372 3292 1482 3370 posset
1506 3287 1582 3368 quin

367 3394 573 3472 quaereretur
593 3409 749 3472 quaenam
768 3387 849 3454 fides
863 3389 1050 3454 lectionibus
1064 3389 1158 3455 huius
1174 3389 1313 3456 familiae
1325 3391 1390 3474 vel,
1413 3397 1449 3454 ut
1464 3391 1581 3456 rectius

367 3493 485 3576 dicam,
515 3493 712 3559 lectionibus·
732 3497 762 3555 Φ
781 3493 947 3576 prabenda
969 3500 1061 3560 esset.
1114 3493 1328 3560 Kirchhoffius
1356 3495 1580 3578 paucissimam

367 3617 438 3664 eam
460 3597 572 3680 voluit,
603 3617 654 3662 me
678 3598 772 3680 longe
793 3597 960 3681 benignius
981 3598 1122 3663 iudicare
1145 3619 1208 3664 uon
1229 3597 1360 3682 infitior,
1391 3599 1580 3683 praesertim

366 3703 399 3768 in
413 3700 575 3767 Alcestide
598 3709 631 3766 et
651 3700 782 3785 Medea,
805 3701 838 3766 in
853 3701 967 3783 quibus
982 3701 1142 3768 Marciano
1158 3703 1319 3786 {caremus
1355 3722 1458 3785 neque
1473 3709 1580 3768 tamen

367 3805 410 3870 ad
437 3804 591 3888 liquidum
619 3805 679 3870 hoc
704 3805 836 3890 perduci
862 3811 967 3889 potest
994 3807 1055 3872 nisi
1085 3807 1188 3872 denuo
1218 3807 1351 3874 conlatis
1381 3808 1524 3874 Parisino
1548 3813 1581 3874 11

366 3909 541 3976 Havniensi
564 3909 651 3996 (nam
672 3909 867 3974 Marcianum
889 3930 960 3974 cum
975 3910 1187 3976 Kirchhoffius
1210 3931 1269 3976 sua
1284 3910 1449 3994 dihgentia
1470 3932 1579 3977 excus-

368 4015 425 4098 sit,
462 4020 529 4078 1111
565 4014 597 4078 11
629 4014 802 4099 Hippolyto
840 4021 872 4079 et
903 4013 1126 4080 Andromacha
1159 4035 1219 4097 ego
1253 4013 1408 4100 quoque),
1447 4036 1580 4098 quorum
1636 4042 1647 4064 ·

368 4119 423 4184 ille
445 4124 669 4204 praeterquam
691 4118 722 4182 in
745 4117 969 4184 Andromacha
991 4118 1072 4186 bene
1095 4119 1220 4184 omnino
1243 4139 1414 4202 numquam
1436 4121 1579 4186 conlatus

368 4228 433 4306 est,
455 4221 506 4288 hic
529 4243 549 4286 a
571 4222 746 4288 Niebuhrio
769 4222 898 4304 quidem
921 4229 954 4288 at
976 4243 997 4287 a
1017 4223 1192 4289 Niebuhrio
1215 4222 1419 4290 adulescente
1442 4224 1579 4290 1111111-

367 4346 438 4391 cum
461 4326 655 4393 Graccornm
674 4326 801 4392 lectioni
823 4347 935 4412 parurn
957 4325 1100 4393 adsueto.
1145 4327 1252 4410 itaque
1273 4347 1355 4394 nunc
1375 4334 1460 4395 certe
1480 4336 1579 4394 totam

368 4431 585 4512 quaesfionem
624 4449 695 4496 cum
734 4429 881 4496 incohata
915 4452 950 4498 se
976 4430 1085 4516 perfici
1116 4452 1178 4498 non
1209 4451 1304 4514 posse
1338 4431 1467 4498 doceret
1496 4433 1579 4499 curis

367 4534 596 4620 posterioribus
618 4535 755 4620 seposui.
