3666 5296
702 377 704 382 ’
808 411 903 470 σεε.
1062 469 1067 480 ,
1411 413 1463 472 aaa

250 577 539 669 Clytaemnestram
552 584 728 670 intellegas.
761 592 825 652 375
841 583 877 652 οὐ
892 592 949 672 γῆς
964 581 1025 672 ὅρι’
1041 579 1315 671 ἀποστερούμενοι
1329 627 1369 636 —
1386 587 1462 655 οὔθ’

248 683 435 774 ὑψιπέργου
458 684 631 775 πατρίδος,
658 712 721 756 non
748 692 850 756 solum
879 692 1015 757 otiosum
1044 691 1104 757 hoc
1130 690 1189 758 sed
1214 694 1348 760 molesto
1371 714 1463 778 zeug-

248 799 333 858 mate
361 814 433 860 cum
461 793 616 859 vocabulo
642 789 716 880 ὅριοι
739 779 946 861 coniunctum.
997 795 1055 862 sed
1085 816 1281 882 opponamus
1313 798 1464 864 imitatori

251 897 428 981 exemplar:
455 898 543 963 nulla
565 919 600 964 re
622 898 710 965 l'raus
733 899 761 965 si
783 919 847 983 qua
867 900 946 966 latet
968 899 1165 967 manifestior
1186 901 1256 968 fieri
1276 909 1390 988 potest.

542 1120 548 1130 ,
752 1049 781 1117 εἰ
802 1051 862 1138 γὰρ
886 1048 956 1118 ἐστι
976 1049 1116 1136 Λοξίας,
1255 1134 1256 1137 ¹

505 1151 632 1243 Ἑλένης
654 1161 749 1240 γαμεῖ
769 1181 810 1240 με
832 1155 1077 1244 δυσχερέστερον
1099 1155 1201 1244 γάμον

499 1253 530 1324 δ
553 1265 618 1323 τῶν
629 1249 767 1340 Ἀχαιῶν
789 1261 915 1340 κλεινὸς
934 1258 1144 1348 Ἀγαμέμνων
1166 1258 1246 1346 divor}

510 1369 613 1428 κτενῶ
634 1364 693 1451 γὰρ
715 1357 814 1431 αὐτὸν
836 1357 1093 1456 κάντιπορθήσω
1114 1367 1232 1452 δομοὺς

511 1467 630 1544 ποινάς
651 1464 797 1555 ἀδελφῶν
821 1469 877 1535 καί
897 1470 1022 1558 πατρὸς
1044 1473 1173 1555 λαβοῦά
1194 1470 1280 1556 ἐμοῦ.

414 1625 417 1631 .
511 1563 577 1636 ἀλλ’
600 1567 667 1638 οὔτ’
688 1571 788 1638 ἐάσω·
817 1572 954 1654 πέλεκυν
977 1568 1030 1656 οὐχ
1052 1571 1234 1663 ὑμνήσομεν
1352 1606 1355 1610 ·

437 1660 442 1669 ’
511 1667 548 1754 ὃς
569 1675 602 1754 ἐς
622 1676 775 1765 τράχηλον
794 1677 854 1742 τὸν.
874 1677 950 1760 ἐμὸν
972 1671 1036 1744 εἶσι
1055 1676 1205 1765 χάτέρων,

493 1780 748 1868 ,μητροκτόνους
769 1783 796 1846 τ’
820 1784 948 1866 ἀγῶνας
970 1774 1026 1860 οὓς
1050 1779 1146 1865 οὑμοί
1167 1780 1266 1868 γάμοι

510 1879 680 1972 δήσουσιν,
704 1881 801 1951 οἴκων
822 1887 849 1951 τ’
871 1879 1015 1970 Ἀτρέως
1037 1882 1221 1955 ἀνάστασιν.

512 1993 603 2072 σιγᾶν
625 1985 757 2072 άμεινον
782 1985 920 2077 τάσχρά,
943 1989 1023 2078 μηδὲ
1046 1986 1153 2074 μοῦσά
1176 2016 1232 2076 μοι
1282 2080 1284 2085 Ι

510 2091 625 2176 γένοιτ’
646 2089 758 2172 ἀοιδὸς
780 2092 848 2182 η’τις
870 2090 1002 2183 δμνησει
1025 2091 1116 2164 κακά.

514 2199 623 2283 Τρῶες
636 2197 680 2278 δὲ
707 2203 838 2285 πρῶτον
860 2197 918 2281 μέν
941 2197 979 2265 τὸ
1002 2195 1171 2266 κάλλιστον
1193 2199 1284 2281 κλέος
1400 2277 1402 2282 ,

511 2298 595 2386 ὑπὲρ
616 2284 743 2388 πάτρας
766 2298 942 2388 ἐλλνησκον·
978 2293 1031 2381 οὓς
1054 2304 1082 2368 δ’
1105 2299 1212 2392 ’Ἁρης
1234 2304 1301 2373 έλοι

512 2403 623 2491 νεκροί
645 2407 672 2490 γ’
696 2404 730 2483 ἐς
753 2400 860 2484 οἴκους
883 2401 1056 2494 φερόμενοι
1075 2405 1179 2494 φίλων
1200 2407 1266 2474 ἀπο

512 2509 545 2574 ἐν
567 2517 605 2598 γῇ
625 2505 763 2598 πατρῴα
787 2509 964 2595 περιβολὰς
986 2503 1070 2592 εἶχον
1090 2511 1211 2592 χθονὸς

402 2623 465 2682 390
507 2613 616 2698 χερσὶν
638 2612 887 2700 περισταλέντες
910 2606 954 2680 ὧν
978 2613 1068 2703 ἐχρῆν
1091 2613 1166 2681 lituu.

511 2716 581 2785 ὅσοι
604 2717 639 2784 δέ
658 2717 700 2806 μὴ
724 2717 857 2784 θάνοιεν
877 2714 1015 2808 ἐνῑμάχη
1042 2725 1173 2805 Φρυγῶν

510 2817 563 2888 ἀεὶ
586 2825 655 2888 κατ’
677 2816 761 2911 ἦμαρ
785 2823 842 2888 ori-r
862 2817 1001 2910 δάμαρτι
1025 2823 1079 2889 καὶ
1101 2823 1223 2904 τέκνοις

511 2924 630 3015 ᾤκουν,
656 2927 800 3010 Ἀχαιοῖς
823 2919 865 2992 ὧν
887 2923 1018 3016 ἀπῆσαν
1041 2925 1163 3017 ἡδοναί.

248 3083 406 3150 sufficiunt
421 3083 509 3150 haec.
544 3082 629 3149 unde
644 3083 851 3168 interpolator
866 3103 925 3150 sua
940 3085 1145 3172 expresserit,
1168 3093 1269 3172 patet;
1293 3083 1462 3178 dilapsam,
1556 3095 1561 3104 '

247 3188 333 3272 quod
356 3189 453 3255 Troia
481 3194 576 3274 capta
602 3187 643 3254 de
671 3188 815 3254 omnibus
841 3209 905 3254 non
928 3189 1030 3255 solum
1059 3197 1133 3276 apte
1154 3191 1213 3257 sed
1235 3213 1306 3258 oum
1325 3195 1463 3279 eleganti

247 3293 420 3359 acerbitate
449 3291 575 3378 dicitur,
607 3292 650 3358 ad
676 3293 814 3377 Argivos
844 3293 1072 3362 absurdissime
1103 3297 1263 3362 transtulit
1286 3305 1358 3364 373.
1409 3292 1463 3378 οὓς

247 3398 275 3462 δ’
295 3394 399 3484 ’Ἆρες
426 3394 493 3462 έλοι
528 3397 760 3463 hemistichium
787 3398 946 3482 integrum
979 3399 1140 3484 repetivit,
1174 3401 1260 3483 quod
1294 3403 1370 3468 ferri
1398 3427 1462 3472 non

247 3522 343 3587 posse
364 3502 532 3588 intellexit,
555 3503 610 3586 qui
633 3510 695 3568 376
718 3503 752 3568 in
774 3502 919 3569 Palatino
939 3503 1144 3587 interpolavit
1165 3496 1219 3582 οδς
1238 3505 1266 3570 δ’
1286 3504 1354 3572 ἕλοι
1375 3503 1461 3597 δόρυ.

248 3607 334 3689 quod
355 3606 541 3692 Euripidem
562 3607 767 3691 ineptientem
782 3606 933 3691 reddidit,
960 3607 1022 3672 iste
1037 3628 1100 3673 non
1115 3611 1251 3675 curavit:
1277 3632 1351 3676 nam
1366 3613 1460 3680 inter-

247 3711 352 3796 posita
384 3711 571 3794 longissima
601 3709 795 3777 Graecorum
827 3711 1059 3796 vituperatione
1093 3717 1125 3778 et
1153 3720 1215 3779 393
1242 3704 1386 3795 Ἀχαιοῖς
1418 3708 1462 3782 ὧν

248 3806 379 3901 ἀπῆσαν
405 3809 517 3902 ἡδοναί
548 3835 646 3899 supra
676 3815 804 3880 modum
831 3815 940 3900 friget,
969 3822 1001 3881 et
1026 3815 1148 3882 ridetur
1179 3816 1346 3885 Casandro
1379 3841 1460 3905 quae

211 3932 213 3936 ’
249 3926 312 3986 384
336 3921 491 3985 exclamet
518 3924 611 4002 σιγᾶν
633 3913 763 4001 ἀμεινον
785 3910 917 4003 τάσχρά.
963 3919 1089 3986 accedit
1110 3909 1200 4004 quod
1217 3921 1278 3988 hoc
1299 3929 1373 3990 tunc
1393 3932 1461 3992 tan-

247 4029 314 4089 tum
343 4044 419 4091 vere
447 4024 649 4108 dictumest,
684 4023 711 4088 si
743 4022 938 4090 ad-scelera
966 4023 1240 4110 Clytaemnestrae
1269 4033 1301 4092 et
1327 4027 1460 4096 Orestae

248 4128 392 4194 refertur.
441 4139 546 4195 actum
577 4133 626 4195 est
656 4127 697 4194 de
730 4125 943 4196 declamatore
974 4130 1029 4213 qui
1059 4150 1131 4196 cum
1157 4137 1221 4196 418
1254 4130 1460 4220 Talthybium
1493 4133 1496 4140 '

249 4232 434 4301 Casandrae
455 4236 587 4320 legisset

483 4383 604 4477 Ἀργεῖ’
629 4383 736 4476 ὀνείδη
759 4385 815 4452 καί
841 4389 976 4474 Φρυγῶν
999 4381 1183 4466 ἐπαινέσεις

247 4541 397 4628 tribuere,
433 4541 596 4627 egregiam
628 4541 689 4610 sibi
715 4540 803 4612 visus
832 4549 880 4610 est
907 4545 1091 4632 expatiandi
1121 4543 1321 4615 occasionem
1349 4553 1460 4617 nactus
1497 4610 1500 4614 ,
