3666 5296
800 415 851 476 III.
868 417 893 474 4.
1348 464 1353 473 ,
1403 414 1457 470 219

241 590 340 652 tatem
365 586 461 654 finem
491 608 564 656 esse
587 590 664 656 artis
686 595 815 658 nostrae
840 590 974 658 sedric
996 589 1178 658 aeratione
1201 587 1317 655 exculti
1338 584 1458 670 ingenii

241 693 358 777 lusum,
387 692 446 759 sed
474 693 550 760 firrit
577 693 681 761 adhuc
702 693 909 781 (quamquam
930 695 1083 782 pristinus
1105 693 1201 761 ardor
1223 692 1331 778 paullo
1346 689 1456 757 descr-

241 796 322 886 buit)
336 797 634 883 Pythagoristarum
646 799 778 866 insania.
813 801 964 867 consuevi
979 801 1063 866 enim
1073 797 1319 883 Aristophonteo
1330 795 1457 862 nomine

242 908 369 986 gentem
399 903 495 971 istam
529 903 723 988 significare,
757 905 812 989 qui
844 909 902 992 τῆς
931 899 1089 983 εὐτελείας
1117 897 1286 990 πρόφασιν
1316 893 1459 985 εὑρόντες

242 1001 341 1092 καλήν
363 1027 434 1073 cum
456 1008 641 1092 intellegere
664 1015 808 1076 veterum
823 1011 965 1075 carmina
980 1030 1044 1075 non
1058 1009 1203 1074 valerent
1216 1004 1334 1072 nedum
1350 1024 1457 1072 emen-

243 1109 335 1195 dare,
363 1113 524 1195 peculiare
552 1112 612 1178 sibi
641 1113 792 1180 traditum
822 1135 894 1181 esse
915 1115 1084 1200 opinantur
1106 1112 1230 1178 aurium
1250 1130 1365 1196 genus,
1394 1128 1458 1191 quo

242 1216 413 1284 caelestem
435 1211 590 1300 ἁρμονίαν
611 1218 646 1284 in
668 1219 807 1285 numeris
828 1236 977 1288 versuum
991 1239 1055 1284 non
1069 1219 1301 1284 intellectorum
1316 1215 1456 1280 audiant.

243 1339 336 1403 spero
359 1319 393 1384 id
416 1321 529 1387 saltem
551 1321 651 1389 cuivis
674 1329 819 1408 apertum
840 1323 923 1408 fore,
946 1343 997 1389 mc
1020 1343 1083 1388 non
1106 1342 1179 1388 esse
1201 1327 1267 1386 tam
1290 1320 1434 1385 auritum.

329 1441 403 1507 Una
423 1463 500 1508 vero
525 1450 672 1530 exparte
697 1466 761 1510 non
782 1444 861 1512 nibil
882 1443 1115 1531 probabilitatis
1127 1443 1287 1536 adcrescit
1301 1441 1458 1508 coniectu-

242 1567 298 1612 rae
319 1566 419 1612 meae.
465 1548 667 1632 conpluribus
694 1550 778 1615 enim
806 1549 885 1616 locis
909 1548 1134 1616 animadversa
1158 1547 1262 1614 estin
1281 1545 1458 1631 Hippolyto

214 1723 215 1728 ἵ
242 1671 391 1716 versuum
413 1651 625 1738 perturbatio,
656 1673 718 1736 quo
749 1655 999 1739 corruptelarum
1021 1673 1139 1738 genere
1160 1651 1292 1737 Medea,
1320 1651 1458 1717 sirecte

242 1756 384 1840 memini,
407 1762 474 1821 tota
496 1762 546 1822 est
567 1757 727 1842 immunis,
751 1759 811 1825 etsi
825 1759 1005 1844 proximum
1018 1759 1052 1824 in
1068 1757 1194 1844 sylloge
1209 1755 1330 1823 obtinet
1344 1755 1457 1820 locum.
1536 1835 1539 1842 Ι

243 1881 317 1926 nam
344 1861 377 1924 in
404 1861 626 1947 sacratione,
658 1882 740 1946 quae
768 1862 843 1930 inde
874 1885 895 1928 a
921 1884 968 1930 νε.
986 1871 1050 1928 720
1078 1868 1140 1948 est,
1173 1861 1207 1926 in
1239 1859 1350 1926 ordine
1379 1857 1458 1924 nibil

243 1984 315 2031 esse
348 1970 514 2048 peccatum
537 1966 595 2032 sed
617 1968 722 2052 potius
744 1988 808 2034 νεε.
826 1974 991 2033 725-28
1012 1966 1183 2033 delendam
1205 1985 1277 2032 εεεε
1299 1969 1457 2030 vetustam

243 2069 490 2154 dittographiam
519 2073 683 2156 perspexit
709 2071 932 2139 Kirohboffius.
977 2078 1087 2138 contra
1112 2072 1146 2136 in
1167 2071 1342 2157 Hippolyto
1362 2070 1457 2134 inter-

244 2279 437 2364 exemplum,
472 2299 536 2360 qua
554 2279 670 2346 Medea
701 2301 802 2364 prope
829 2281 942 2346 obruta
970 2287 1036 2365 est,
1070 2287 1105 2345 ut
1134 2279 1239 2345 eidem
1265 2298 1378 2345 versus
1407 2277 1458 2344 bis

243 2389 354 2465 terque
385 2389 612 2468 repeterentur.
657 2385 745 2450 lubet
770 2390 877 2450 autem
905 2405 1084 2469 conponere
1105 2383 1272 2469 Hippolyti
1293 2383 1380 2448 locos
1403 2381 1459 2465 qui

243 2487 354 2553 ordine
372 2493 493 2554 mutato
515 2489 652 2554 restituti
672 2494 752 2555 sunt.

333 2616 405 2675 213.
429 2617 492 2674 214
516 2616 548 2675 et
572 2617 644 2674 223.
669 2615 850 2676 225-227
874 2611 956 2675 inter
983 2630 1018 2676 se
1035 2610 1228 2694 permutavit
1251 2608 1288 2676 O.
1304 2607 1458 2692 Jabnius3

243 2714 295 2778 vel
317 2713 422 2798 potius
442 2733 524 2796 quae
546 2713 600 2779 ille
622 2721 708 2780 recte
729 2715 911 2781 observavit
933 2714 1111 2799 probabilia
1129 2712 1305 2778 redduntur
1330 2713 1358 2779 εἰ
1379 2713 1458 2778 inte-

243 2837 318 2901 gros
340 2818 471 2884 nutricis
494 2839 657 2884 sermones
680 2819 859 2903 traicimus3
882 2819 1003 2885 hiatum
1026 2819 1109 2884 enim
1132 2819 1186 2901 qui
1207 2819 1253 2883 ita
1267 2818 1409 2884 nascitur
1423 2815 1457 2880 ἐν

242 2919 332 3006 χερσὶ
361 2920 464 3002 βέλος.
513 2925 573 2989 ΤΡ.
604 2915 717 2987 duci
762 2925 840 2990 satis
871 2925 1056 2990 excrisatum
1085 2929 1170 3008 puto.
1215 2942 1262 2989 νε.
1287 2928 1350 2987 224
1370 2942 1457 3006 vero,

244 3026 298 3108 qui
320 3025 486 3092 Dindorlio
510 3033 677 3112 suspectus
700 3034 778 3112 erat,
798 3027 953 3094 delendus
976 3034 1038 3113 est,
1065 3028 1157 3094 fictus
1179 3028 1326 3093 nimirum
1349 3048 1369 3092 a
1391 3046 1457 3092 cor·

243 3136 366 3195 rectore
396 3131 450 3212 qui
481 3131 587 3214 aliquo
610 3131 705 3198 modo
729 3139 912 3198 223-227
937 3153 1007 3198 oum
1030 3133 1077 3199 eis
1095 3152 1178 3215 quae
1200 3133 1343 3217 proxime
1365 3151 1457 3216 prac-

242 3233 356 3300 cedere
378 3234 504 3300 viderat
525 3236 718 3302 conectebat.

332 3363 395 3420 330
430 3362 462 3421 et
487 3364 549 3422 332
584 3358 777 3442 permutavit
798 3358 838 3423 H.
861 3359 1028 3424 Himelius.
1074 3359 1205 3441 antiqua
1226 3363 1333 3424 autem
1353 3379 1457 3424 corru-

243 3461 343 3544 ptela,
367 3460 484 3544 quippe
503 3481 585 3544 quae
607 3483 740 3547 pravam
755 3464 924 3528 lectionem
940 3459 1070 3526 ἐσθλῶν
1086 3458 1202 3548 αἰσχρά
1219 3471 1279 3527 331
1297 3463 1459 3548 pepererit

244 3570 276 3630 ct
297 3565 441 3649 pluribus
465 3571 497 3630 et
518 3567 702 3632 melioribus
724 3567 813 3632 libris
837 3567 995 3634 traditam.

332 3693 394 3752 911
428 3693 502 3771 post
537 3694 598 3752 913
631 3689 755 3754 traiecit
788 3688 1004 3754 Marklandus.
1060 3708 1197 3771 namque
1229 3685 1290 3775 γάρ
1323 3709 1369 3756 νε.
1395 3698 1456 3754 012

245 3791 288 3856 ad
312 3798 391 3876 910,
414 3792 501 3857 nullo
524 3792 618 3858 modo
642 3792 762 3857 ad·911
784 3799 916 3877 spectat.
949 3798 1089 3858 ceterum
1112 3793 1140 3857 δ’
1155 3799 1229 3877 post
1248 3796 1374 3880 σιωπῆς
1395 3803 1456 3860 911

244 3895 414 3961 delendum
437 3902 487 3962 est
509 3916 589 3978 cum¹
602 3897 765 3962 Vaticano.
811 3897 912 3962 omitti
933 3897 1122 3982 particulam
1145 3918 1185 3962 ex
1199 3898 1375 3964 Hauniensi
1390 3905 1457 3963 tan-
1506 3948 1509 3954 .

189 4047 191 4055 2
242 4005 309 4064 tum
332 4007 493 4067 enotatum
516 4006 593 4067 erat.
638 4000 679 4065 de
699 4000 852 4066 Vaticano
876 4021 936 4084 ego
961 4007 1067 4067 testor.

334 4129 416 4187 1046
439 4129 513 4207 post
537 4129 620 4188 1048
643 4123 749 4208 posuit
763 4122 896 4190 Weilius
921 4125 1036 4190 eximio
1052 4125 1205 4190 acumine.
1245 4124 1458 4208 intellegimus

242 4229 289 4292 ita
309 4227 481 4311 genuinum
502 4248 574 4294 csse
597 4234 680 4292 1029
697 4227 821 4312 spurios
847 4236 939 4292 1040.
957 4235 1008 4312 50,
1031 4229 1346 4314 interpolationisque
1369 4229 1458 4314 origo

243 4337 341 4417 patet.
387 4332 513 4398 traiecit
530 4331 665 4398 Weilius
685 4332 781 4397 etiam
805 4338 868 4397 875
891 4338 965 4416 post
985 4339 1058 4398 876.

465 4455 537 4517 ΘΗ.
582 4447 688 4535 οἴμοι,
710 4447 777 4517 τόδ’
800 4441 870 4516 οἷον
893 4448 973 4517 ἄλλο
995 4451 1081 4536 πρὸς
1100 4456 1212 4532 κακοῖς
1232 4449 1341 4533 κακόν,

354 4563 416 4626 875
583 4547 620 4624 οὗ
643 4555 757 4648 ederedo
781 4550 856 4624 odda*
878 4554 1008 4638 λεκτόν,
1033 4549 1059 4622 ὦ
1080 4552 1181 4638 τάλας
1202 4553 1273 4644 ἐγώ.
