3666 5296
410 407 463 467 226
968 401 1020 466 111.
1038 409 1063 467 6.
1095 412 1098 420 ’

410 605 451 650 ne
473 575 584 651 Ulixes
617 582 745 667 quidem
766 583 953 651 Homericus
986 584 1127 652 noverat
1181 591 1321 650 ceterum
1350 606 1414 652 non
1435 589 1555 652 temere
1581 581 1622 652 ab

410 689 548 756 Homero
576 687 724 780 desciscit
746 688 924 776 Euripides.
967 689 1076 773 itaque
1105 689 1198 755 simul
1227 696 1443 775 correptorum
1460 691 1621 756 hominurn

410 794 544 861 alterum
572 795 606 861 in
627 795 781 862 corfinum
804 795 917 860 conicit
940 793 1092 880 Cyclops,
1116 794 1254 860 alterum·
1273 794 1426 880 trucidat,
1449 794 1621 878 quomodo

407 919 471 966 non
502 899 623 966 catulos
657 898 715 966 sed
747 899 874 984 lepores
905 899 1124 966 semimortuos
1161 899 1301 966 interimi
1329 900 1473 984 memini3
1507 900 1620 985 ingens

408 1005 504 1070 robur
525 1025 563 1071 eo
586 1005 736 1089 cernitur,
759 1003 845 1088 qnod
867 1009 1034 1087 utrumque
1055 1002 1168 1071 eodem
1189 1010 1299 1070 tenore
1325 1004 1369 1070 fit.
1415 1003 1500 1088 quod
1522 1005 1620 1070 extol-

406 1108 536 1174 lendum
558 1115 643 1176 esset
668 1109 753 1175 omni
779 1114 910 1194 poetae3
941 1115 1058 1192 quanto
1080 1110 1184 1194 magis
1205 1109 1327 1193 tragico
1350 1110 1404 1192 qui
1424 1110 1457 1174 in
1476 1129 1619 1175 numero-

408 1234 478 1280 rum
506 1213 704 1299 oppositione
734 1213 849 1280 nimius
875 1219 932 1280 est
979 1220 1012 1279 et
1037 1213 1149 1279 extulit
1170 1212 1340 1298 Euripides
1369 1214 1424 1296 qui
1444 1216 1562 1299 ῥυθμῷ
1584 1236 1620 1277 τε

407 1312 456 1382 ἑνὶ
476 1319 611 1404 scripsit.
655 1316 811 1403 vidimus,
840 1318 965 1403 opinor,
996 1324 1132 1401 quantas
1154 1319 1264 1384 turbas
1286 1319 1319 1384 in
1341 1317 1450 1386 codice
1477 1322 1508 1382 Φ
1530 1318 1620 1384 elisio

406 1421 643 1507 adspiratioque
666 1423 856 1508 pepererint.
902 1422 1046 1505 coquitur
1076 1442 1153 1507 ergo
1177 1423 1259 1494 alter
1281 1443 1322 1489 cx
1343 1423 1437 1489 sociis
1460 1421 1564 1488 Ulixis
1585 1421 1619 1487 in
1734 1415 1737 1422 ’

406 1527 543 1612 cortina,
566 1527 647 1593 alter
670 1527 747 1594 eliso
768 1519 935 1614 ce'rehro2)
953 1526 1041 1593 humi
1063 1527 1147 1594 iacet
1165 1526 1333 1594 adsidente
1357 1526 1431 1594 Orci
1453 1547 1549 1610 coquo
1565 1527 1618 1610 qui

406 1651 534 1698 carnem
556 1631 680 1699 ossibus
708 1631 826 1717 abripit
852 1637 888 1697 ut
908 1631 1046 1698 verubus
1068 1631 1167 1697 infixa
1188 1638 1321 1699 assetur.
1366 1630 1493 1698 videtur
1512 1637 1617 1696 tamen

285 1779 291 1791 ·
406 1736 490 1804 elixa
519 1736 622 1821 magis
652 1733 817 1821 delectari,
849 1755 912 1802 nno
943 1736 1028 1802 enim
1054 1735 1182 1802 homine
1208 1737 1333 1822 integro
1359 1757 1424 1802 non
1453 1741 1617 1802 contentus

404 1841 525 1907 minuta
546 1841 650 1906 carnis
675 1839 811 1907 frustula
835 1841 869 1906 in
891 1841 1045 1907 cortinam
1066 1843 1201 1908 mandat
1223 1839 1399 1925 coquenda
1444 1838 1617 1906 mandandi

404 1945 592 2012 vocabulum
613 1965 726 2030 parum
749 1951 857 2031 aptum
881 1965 952 2012 esse
973 1946 1129 2012 intellexit
1148 1946 1322 2013 Nauchius.
1369 1944 1427 2012 scd
1447 1945 1529 2029 fugit
1544 1965 1616 2011 eum

403 2049 563 2136 fugitque,
587 2055 622 2116 ut
644 2049 785 2135 videtur,
809 2070 933 2136 omnes,
955 2050 1050 2118 valde
1065 2050 1200 2136 inperite
1216 2069 1326 2136 agere,
1350 2051 1405 2134 qui
1420 2048 1616 2133 coquendam

404 2175 532 2224 carnem
558 2155 592 2219 in
621 2155 794 2240 particulas
824 2155 964 2221 divellat.
1014 2161 1190 2222 convocent
1215 2161 1430 2222 matronarum
1452 2154 1616 2221 consilium

403 2259 458 2340 qui
483 2259 576 2325 militi
602 2279 666 2324 non
691 2259 823 2326 credunt
845 2279 940 2343 quem
961 2259 1042 2326 haec
1065 2278 1191 2344 quoque
1212 2259 1320 2326 docuit
1341 2257 1485 2340 πόλεμος
1507 2256 1615 2343 πατὴρ

403 2356 544 2428 πάντων.
580 2363 775 2449 Byzantinus
797 2361 925 2430 demum
948 2369 980 2430 et
1000 2363 1207 2430 scholasticus
1222 2371 1333 2450 stupor
1346 2364 1410 2430 ista
1425 2362 1617 2446 excogitavit

667 2465 709 2532 τὰ
730 2465 795 2545 δ’ἒς
816 2466 921 2555 λέβητ’
943 2465 1058 2555 ἐφῆκεν
1079 2465 1228 2552 ἕψεσθαι
1248 2467 1337 2556 μέλη.

488 2571 578 2638 Haec
600 2573 710 2658 spuria
733 2573 767 2638 in
789 2571 931 2658 Cyclope
958 2573 1095 2659 repperi.
1141 2578 1316 2656 sequantur
1336 2572 1473 2659 pusillae
1494 2577 1528 2638 at
1547 2590 1613 2637 cer-

400 2683 453 2744 tae
476 2674 771 2744 emendatinnonlae
793 2675 886 2744 duae.
931 2676 1044 2745 Ulixes
1065 2675 1173 2746 Sileno
1195 2678 1332 2765 imperat

577 2789 639 2846 162
683 2777 836 2869 ἐκφέρετέ
858 2805 912 2846 νυν
931 2779 1098 2870 τυρεύματ’
1122 2777 1142 2871 ἢ
1161 2780 1268 2868 μήλων
1289 2776 1397 2850 τόκον.

401 2892 435 2952 at
465 2891 632 2969 utrumque
665 2891 697 2952 ct
728 2885 873 2972 promisit
899 2884 1026 2953 Silenus
1056 2893 1128 2972 134,
1162 2895 1222 2954 136
1252 2893 1284 2954 ct
1309 2886 1431 2973 profert
1466 2892 1542 2971 189,
1564 2892 1615 2950 90.

399 2991 505 3058 iussus
528 3010 605 3076 ergo
629 2996 678 3058 est
694 2996 879 3076 utrumque,
902 2989 1166 3074 scribendumque
1186 2991 1329 3059 oratione
1342 2991 1445 3075 magis
1460 2989 1615 3058 concinna

640 3091 792 3182 ἐκφέρετέ
813 3119 869 3160 νυν
889 3089 1028 3180 τύρευμα
1049 3094 1105 3161 καὶ
1127 3092 1234 3184 μήλων
1256 3091 1361 3162 τόκον.

488 3197 646 3267 Caecatus
669 3197 807 3286 Cyclops
830 3198 1024 3267 vociferatur
1046 3207 1109 3266 664

617 3298 719 3388 ὤμοι,
744 3302 1037 3391 κατηνθρακώμεθ’
1061 3295 1215 3388 ὀμμάτων
1237 3301 1343 3382 σέλας.

503 3409 578 3477 XO.
613 3402 711 3486 καλός
732 3409 760 3492 γ’
783 3401 802 3473 ὁ
825 3406 946 3489 παιάν,
969 3406 1074 3490 μέλπε
1096 3433 1153 3491 μοι
1176 3404 1273 3485 τόνδ’,
1296 3401 1323 3472 ὦ
1343 3406 1499 3494 Κύκλωψ.

399 3531 513 3578 canere
535 3531 693 3598 paeanem
714 3512 853 3600 Cyclops
874 3533 938 3578 non
958 3518 1065 3598 potest
1086 3513 1202 3598 iuberi,
1224 3513 1338 3580 cecinit
1362 3513 1460 3599 enim,
1484 3511 1543 3580 sed
1556 3513 1612 3580 ite-

398 3636 469 3683 rum
489 3617 855 3702 coronariorum:
883 3613 988 3698 μέλπε
1010 3641 1068 3700 μοι
1090 3612 1174 3684 τόνδ’
1198 3609 1253 3695 αὖ,
1280 3615 1438 3704 Κύκλωψ.

485 3721 556 3788 Huc
578 3740 679 3804 usquc
702 3727 790 3788 certa
809 3721 927 3807 protuli
949 3727 1085 3805 atquae
1107 3721 1219 3790 amicis
1234 3721 1355 3788 dudum
1370 3722 1611 3807 persuasissem.

397 3844 456 3892 nec
477 3831 584 3892 tamen
607 3826 647 3891 ab
669 3825 840 3894 audaciore
860 3824 983 3909 refugio
999 3826 1193 3913 coniectura,
1216 3845 1299 3910 quae
1314 3825 1393 3895 mihi
1408 3847 1510 3912 aeque
1525 3833 1613 3894 certa

395 3927 550 3996 videatur.
594 3930 627 3996 in
654 3927 804 4016 Cyclopis
829 3928 1083 4016 philosophantis
1110 3930 1341 4000 declamatione
1361 3931 1440 4010 [cum
1462 3937 1613 4017 corrupta

483 4133 510 4203 2)
533 4132 710 4204 Ἐγκέφαλον
728 4128 940 4188 Atheniensibus
964 4131 1109 4188 obscenum
1130 4133 1288 4190 vocabulum
1311 4132 1407 4190 fabula
1427 4132 1545 4202 satyrica
1562 4130 1610 4188 sd·

395 4218 483 4274 mittit
502 4218 573 4274 sicut
590 4216 735 4273 comoedia.
774 4217 873 4274 vitarit
890 4219 920 4272 in
937 4221 1078 4290 tragoedia
1095 4216 1239 4290 Euripides
1258 4221 1353 4277 Troad.
1367 4222 1451 4287 1116,
1468 4221 1516 4276 nbi
1534 4220 1610 4276 scho-

390 4303 433 4361 lia
459 4307 612 4375 excerptam
637 4303 739 4360 habant
753 4303 910 4375 Apollodori
938 4308 1035 4362 scitam
1060 4306 1288 4372 observationem,
1316 4309 1392 4364 cuins
1415 4307 1508 4378 paullo
1532 4308 1612 4376 plura

394 4395 542 4462 supersunt
557 4393 587 4447 in
604 4391 740 4448 Athenaei
761 4391 880 4466 epitoma
896 4393 934 4449 11.
953 4394 987 4450 65
1005 4394 1023 4448 i.
1059 4395 1149 4450 nescio
1167 4409 1215 4451 our
1232 4397 1456 4451 commentatores
1474 4393 1508 4450 de
1525 4393 1609 4464 Apol-

393 4477 481 4536 lodori
505 4478 559 4556 ilde
586 4479 720 4536 dubitent.
763 4478 815 4536 hac
840 4495 946 4551 quoquc
970 4481 1003 4535 de
1025 4497 1106 4536 causa
1129 4483 1210 4538 nimie
1233 4498 1312 4552 asper
1330 4481 1450 4552 antiquis
1466 4481 1609 4538 videbatur

392 4567 564 4636 Hegesippus
584 4563 617 4624 dc
635 4566 734 4622 Halon.
754 4567 798 4622 45.
