3626 5288
255 621 317 680 910
516 618 553 686 ἐκ
575 621 678 686 τῶνδε
697 617 740 707 μὴ
764 613 912 702 θαύμαζε
931 624 998 687 τῶν
1018 619 1201 715 εἰρημένων,

474 726 596 811 Θησεῦ,
617 722 684 810 πρὸ
705 719 836 809 πύργων
857 722 973 792 τούσδε
995 729 1159 819 τολμῆσαι.
1175 734 1301 815 θανεῖν,

469 825 508 894 τδ
532 826 593 914 γὰρ
616 829 774 915 τραφῆναι
795 825 838 914 μὴ
862 831 969 907 κακῶς
988 827 1071 896 αἰδῶ
1093 829 1194 920 φέρει,

468 926 649 1011 αἰσχύνεται
672 928 708 996 δὲ
729 922 848 1015 τάγάθ’
872 927 1017 1021 ἀσκήσας
1039 925 1118 1023 ἀνὴρ

469 1032 568 1111 κακὸς
588 1032 745 1118 γενέσθαι
768 1038 838 1111 πᾶς
856 1059 916 1112 τις.
961 1032 981 1123 ἦ
1004 1037 1032 1102 δ’
1055 1033 1206 1125 εὐανδρία
1252 1089 1256 1096 .

469 1131 636 1218 διδακτόν,
661 1132 755 1222 εἰπερ
778 1135 834 1202 καὶ
855 1136 977 1224 βρέφος
998 1134 1189 1208 διδάσκεται

466 1241 568 1324 λέγειν
589 1231 718 1306 ἀκούειν
739 1243 776 1304 θ’
799 1233 844 1306 ὦν
865 1235 1013 1330 μάθησιν
1035 1239 1091 1309 οὐκ
1114 1239 1187 1326 ἰΙιει.
1247 1295 1251 1304 .

466 1335 539 1408 ύίδ
561 1340 601 1408 ἀν
624 1340 719 1430 μάθῃ
740 1366 803 1425 τις,
826 1348 927 1410 ταῦτα
951 1341 1118 1433 σῴζεσθαι
1140 1349 1231 1434 φιλεῖ
1263 1383 1266 1388 ·

465 1445 553 1532 πρὸς
574 1451 686 1533 γῆρας·
717 1443 800 1512 ούιω
820 1449 945 1526 παῖδας
967 1442 1003 1514 εδ
1026 1444 1205 1516 παιδεύετε.

415 1600 422 1614 .
468 1545 508 1614 ἰὼ
530 1545 657 1632 τέκνον,
682 1550 817 1637 δυστυχῆ
840 1552 870 1615 σ’

465 1647 600 1740 ἔτρεφον
618 1661 624 1732 Ι
644 1647 759 1740 ἔφερον
776 1649 835 1741 ,ὑφ’
859 1651 987 1740 ἥπατος
1007 1655 1012 1741 Ι

463 1753 582 1833 πόνους
600 1751 754 1842 ἓνεγκούό
778 1753 811 1822 δν
834 1753 939 1841 ὠδῖσι,
961 1759 966 1846 Ι
997 1757 1052 1823 καί
1072 1762 1126 1825 νύν

453 1855 576 1937 ’Ἅιδας
595 1858 601 1947 Ι
619 1858 675 1926 τὸν
697 1858 775 1943 ε’μδν
794 1861 799 1948 Ι
820 1855 884 1942 ἔχει

463 1957 593 2045 μόχθον
614 1954 746 2043 ἀθλίας,
767 1971 772 2042 Ι
793 1961 855 2050 ἐγώ
878 1962 914 2031 δὲ

462 2066 662 2152 γηροβοσκὸν
685 2058 742 2134 ούκ
764 2063 837 2150 ι’ίχιο,
859 2068 864 2156 Ι

461 2171 589 2236 τεκοῦσ’
611 2167 633 2234 ἀ
654 2169 791 2236 τάλαινα
809 2172 924 2238 παῖδα.

464 2269 519 2337 καί
542 2272 604 2360 μὴν
625 2273 683 2339 τὸν
709 2270 863 2352 Οἰκλέους
883 2298 919 2358 γε
939 2279 1083 2360 γενναῖον
1103 2272 1200 2342 τόκον

460 2373 537 2440 θεολ
560 2376 648 2456 ζῶντ’
670 2367 919 2463 ἀναρπάσαντες
942 2376 975 2454 ἐς
996 2376 1113 2461 μιφσύς
1132 2377 1256 2459 χθονὸς

459 2479 569 2557 αὐτοῖς
588 2482 794 2566 τεθρίπποις
816 2475 1001 2565 εὐλογοῦσιν
1023 2479 1185 2568 ἐμφανῶς.

458 2579 515 2650 τὸν
542 2578 684 2648 Οἰδίπου
703 2580 739 2648 δὲ
762 2583 880 2666 παῖδα,
904 2580 1104 2672 Πολυνείκην
1125 2583 1215 2670 λέγω,

458 2683 552 2773 ἡμεῖς
573 2683 805 2785 ἐπαινέσαντες
826 2679 863 2753 σά
884 2683 1081 2774 ψευδοίμεθ’
1103 2683 1151 2754 ἰίν.

373 2885 376 2891 Ι
459 2786 550 2869 ξένος
573 2787 631 2876 γὰρ
651 2780 689 2875 ἦν
711 2815 768 2872 μοι
791 2789 869 2877 πρὶν
887 2789 994 2856 λιπών
1018 2784 1154 2874 Κάδμου
1176 2784 1273 2858 πόλιν
1345 2872 1351 2892 μ

269 2991 274 3000 x
458 2896 543 2981 W?
564 2891 650 2979 πρὸς
670 2888 788 2979 Ἄργος
810 2895 977 2978 διαβαλεῖν
999 2889 1201 2982 αὐθαίρετος.

455 3209 555 3298 εύρών
577 3207 694 3298 ἀκριβῆ
711 3211 867 3300 μουσικὴν
889 3210 923 3280 ἓν
946 3209 1083 3279 ἀσπίδι·

419 3375 422 3382 .
457 3309 630 3403 φιλότιμον
653 3307 737 3402 ἦθος
759 3311 930 3397 πλούσιον,
952 3311 1101 3404 φρόνημα
1122 3314 1158 3381 δὲ

457 3416 492 3484 ἐν
510 3421 620 3488 ,τοῖσιν
643 3413 749 3502 ἔργοις
768 3410 839 3500 οάχί
860 3423 931 3496 τοῖς
952 3417 1060 3504 λόγοις
1082 3415 1167 3500 ἓΙμυν,

256 3691 308 3745 908
344 3685 439 3757 λόγοις
456 3691 521 3742 ἴσον
541 3694 577 3741 Φ.
615 3689 755 3743 σπουδαία
773 3688 897 3743 Ioannes.

257 3775 387 3830 912-17
426 3772 558 3828 stobaeus
578 3773 601 3838 I,
620 3775 646 3830 5.
680 3774 756 3829 Ioan.
774 3775 852 3828 Dam.
871 3772 909 3844 ιγ’
928 3775 954 3829 3.

255 3862 307 3915 913
343 3857 428 3919 κακὸς
446 3863 596 3926 κεκλῆσθαι
617 3859 691 3914 stob.
711 3861 806 3915 Ioann.
999 3911 1004 3915 .
1090 3915 1093 3922 ,

255 3947 308 4001 914
344 3943 476 4005 διδακτὰς
496 3951 531 3998 Φ.
567 3945 708 4000 σπουδαία
728 3946 860 4001 Stobaeus
879 3949 907 4000 et
924 3947 1046 4008 Ioannes.
1081 3949 1168 4020 βρέφη
1186 3944 1310 4000 Ioannes.

255 4033 307 4088 915
343 4033 436 4101 λέγειν
453 4031 477 4083 τ’
494 4031 619 4089 Ioannes,
657 4021 696 4084 ὧν
712 4031 840 4103 μάθησις
858 4032 888 4084 ἐν
906 4032 981 4102 λόγῳ
998 4033 1092 4086 Ιοοιιιι.

255 4119 308 4173 916
343 4114 439 4189 μάθοι
460 4121 495 4171 Φ.
532 4116 672 4172 emendate
691 4116 766 4173 stob.
787 4119 815 4171 et
833 4117 927 4172 Ioann.

254 4204 305 4259 917
342 4207 380 4263 εἰς
397 4207 483 4277 γῆρας
499 4201 593 4257 Ioann.

252 4291 307 4346 924
341 4292 458 4343 τεκοῦσα
476 4286 594 4342 τάλαινα
612 4295 648 4346 Φ.
684 4304 751 4344 corr.
769 4288 926 4344 Hermann.

254 4376 306 4434 925
342 4379 429 4429 ΛΔΡ.
451 4381 487 4428 Φ.
524 4391 591 4430 corr.
610 4381 771 4444 Μκεςνσνι.

343 4463 465 4519 ὶοκλέους
482 4467 517 4514 Φ.
555 4476 621 4515 oorr.
637 4459 793 4515 Βνοόσιιιο.

253 4563 306 4619 998
340 4581 370 4617 τε
387 4569 423 4617 Φ.
459 4579 526 4618 con.
545 4563 702 4617 Ητννκοοιι.
