3666 5296
793 401 844 457 111.
861 404 886 458 7.
1391 405 1443 461 231

237 573 407 644 emendare
429 575 557 661 possim.
594 573 727 658 μέλουσι
750 553 1175 664 mammoneamque
1198 578 1325 665 scripsit
1343 578 1445 646 codex

235 681 335 748 voluit
356 701 427 747 cum
447 678 600 762 μέλλουσι
624 681 730 768 daret,
754 689 875 749 certum
897 689 946 750 est
967 690 1098 769 propter
1120 685 1309 770 antistrophi
1331 685 1445 771 repeti-

235 787 368 873 tionem,
399 786 457 855 sed
482 787 655 854 insolenter
678 787 796 855 dictum
818 795 883 875 est;
912 811 972 856 nec
994 785 1139 854 κελαινὸν
1161 789 1264 856 habeo
1287 790 1444 874 quomodo

235 897 309 980 apte
339 892 535 978 interpreter.
581 892 641 960 sed
670 893 730 960 hoo
759 913 823 988 non
855 893 1005 980 impedit,
1039 914 1102 978 quo
1132 895 1236 961 minus
1265 889 1377 982 χρόνον
1406 890 1445 959 ’τό
1508 889 1512 900 ’

235 990 336 1061 πάλιν
364 996 440 1080 quid
463 997 524 1064 sibi
543 999 621 1065 velit
642 1017 840 1082 quaeramus.
885 997 1017 1064 Pindari
1037 999 1213 1067 versiculus
1239 997 1287 1067 Ol.
1312 1007 1369 1084 14,
1392 1005 1444 1084 87,

235 1121 330 1185 quem
352 1101 553 1188 Musgravius
580 1103 780 1190 conparavit,
810 1103 865 1170 ubi
887 1123 986 1170 senex
1012 1103 1091 1169 ἵκων
1113 1101 1262 1182 νεόνανος
1283 1100 1321 1170 τὸ
1343 1096 1444 1168 πόλιν

235 1207 362 1293 dicitur,
393 1229 457 1274 non
484 1209 587 1293 magis
617 1209 679 1275 huo
709 1208 787 1276 facit
814 1229 910 1294 quam
931 1209 993 1275 loci
1015 1209 1128 1293 quibus
1149 1203 1353 1292 τόξ’μννολιν
1374 1228 1445 1274 cum

235 1312 384 1398 genetivo
412 1313 552 1378 iunctum
585 1320 634 1381 est
664 1313 817 1400 adscripti
842 1335 863 1380 a
886 1313 1054 1396 Boeohhioj'
1076 1313 1119 1380 ad
1147 1313 1279 1381 Pindari
1307 1333 1444 1380 versum.

234 1439 308 1486 nam
328 1419 475 1506 opposita
498 1425 547 1486 cst
568 1425 714 1487 senectus
737 1419 989 1504 adulescentiae,
1021 1419 1157 1505 tempori
1179 1418 1256 1504 quid
1278 1425 1328 1486 est
1348 1438 1444 1505 oppo-

235 1523 355 1592 situm?
397 1529 433 1589 ut
455 1543 532 1590 vero
552 1521 665 1610 χρόνον
687 1521 725 1590 τό
748 1516 849 1587 πάλιν
871 1524 905 1589 id
928 1524 980 1610 sit,
1004 1523 1089 1606 quod
1110 1523 1276 1608 Pflugkius
1292 1543 1363 1590 esse
1379 1543 1444 1590 cre·

235 1627 316 1694 didit
346 1626 446 1716 (quod
473 1627 684 1717 negaverim),
718 1629 876 1696 sententia
901 1629 974 1714 ipsa
1001 1629 1150 1711 fatorum
1179 1635 1303 1712 tempas
1331 1629 1442 1710 adspi-

234 1752 300 1798 cere
318 1753 407 1798 acmo
428 1733 512 1799 uolet
533 1739 565 1799 et
586 1739 729 1800 contorta
749 1739 799 1800 est
814 1739 846 1800 ct
860 1753 1016 1818 perquam
1030 1733 1238 1800 incommoda.
1275 1733 1445 1818 requiritur

235 1839 319 1904 enim
340 1839 520 1904 necessario
543 1837 720 1922 quodcum
741 1839 910 1924 praeclara
931 1839 1033 1904 ultimi
1050 1826 1206 1906 versiculi
1218 1839 1357 1926 imagine
1373 1859 1445 1904 con-

234 1949 340 2028 gruat,
378 1943 516 2009 concreti
552 1942 717 2029 quiddam,
755 1951 790 2009 ut
830 1964 911 2032 eumw
939 1943 1137 2029 philosophis
1171 1944 1289 2010 nostris
1323 1945 1445 2026 loquar.

232 2048 372 2132 felicitas
400 2069 499 2113 carru
524 2048 715 2130 triomphali
737 2049 877 2130 uehitur,
905 2069 961 2114 aec
990 2055 1096 2113 tornea
1117 2049 1200 2114 volet
1222 2049 1326 2130 sirmis
1347 2047 1446 2114 oeulis

219 2159 433 2240 specim...
480 2151 581 2235 quid?
607 2153 850 2228 instrumentum
880 2173 942 2236 quo
965 2153 1107 2240 Tempus
1133 2153 1231 2219 utitur
1253 2152 1296 2218 ad
1318 2172 1444 2218 currum

238 2258 459 2341 evertendum3
495 2257 639 2323 similiter
661 2254 694 2334 ἐς
716 2251 832 2340 λόγχας
851 2255 985 2340 βλέπειν
1007 2257 1130 2324 dicitur.
1176 2259 1316 2344 Tempus
1339 2263 1445 2324 autem

234 2362 313 2431 deus
343 2369 407 2446 est,
433 2367 469 2428 ut
498 2381 570 2428 esse
600 2361 681 2427 solet
701 2362 809 2445 quinto
833 2383 861 2427 a.
884 2361 957 2427 (ihr.
981 2363 1122 2447 saeculo;
1152 2362 1329 2449 mythologi
1350 2361 1445 2428 deum

235 2466 355 2553 εὐμαρῆ
374 2465 486 2554 (Soph.
507 2465 555 2530 El.
579 2465 657 2550 529)
681 2473 736 2532 aut
757 2467 929 2554 neglegunt
951 2473 1006 2532 aut
1028 2463 1160 2553 κρονίων
1183 2460 1318 2547 όζοοσιν.
1356 2466 1445 2552 Χρό-

233 2595 288 2648 νος
310 2571 450 2637 omniurn
471 2576 563 2657 pater
582 2576 631 2636 est
653 2570 740 2657 apud
761 2569 935 2638 Pindarum
956 2569 1019 2659 (Ol.
1036 2580 1065 2656 2,
1083 2570 1138 2658 16)
1155 2565 1288 2653 Πόομοο
1302 2570 1445 2638 minister

233 2675 337 2764 (Nem.
363 2681 398 2760 4,
425 2673 499 2762 44),
542 2675 662 2741 scilicet
694 2676 840 2741 convenit
865 2674 1007 2742 Pindaro
1037 2696 1109 2741 cnm
1137 2674 1323 2761 Pherecyde
1349 2673 1444 2760 Syrio

234 2787 266 2848 et
298 2779 428 2866 Orpheo
467 2779 631 2866 (Weleher
659 2777 713 2846 Gr.
738 2779 776 2845 G.
802 2781 826 2847 l.
850 2789 928 2866 143,
967 2800 1050 2864 quae
1079 2779 1251 2866 disputatio
1284 2779 1382 2844 multo
1414 2783 1446 2844 et

233 2886 392 2971 copiosior
413 2891 445 2950 et
467 2884 611 2950 subtilior
632 2890 738 2971 potest
760 2883 910 2972 institui);
941 2883 1027 2972 apud
1052 2883 1247 2952 Simonidem
1269 2883 1445 2970 prinoipem

232 2991 419 3077 lyricorum·
440 2987 636 3082 Graecorum
674 2997 714 3056 88
763 2988 910 3057 dentibus
951 2989 1114 3056 acerrimis
1152 2989 1258 3056 omnia
1294 2986 1445 3056 conrodit.

234 3086 404 3180 αὐθιγενές
426 3095 509 3160 enirn
531 3094 704 3162 Simonidis
725 3095 887 3180 ingenium
908 3117 930 3161 a
952 3095 1108 3162 sentiendi
1128 3102 1160 3164 et
1182 3095 1308 3162 dicendi
1329 3114 1447 3180 genere

235 3200 379 3268 omnibus
394 3199 520 3286 populis
536 3200 693 3266 communi
707 3200 839 3286 propius
854 3200 946 3267 abest
959 3221 1055 3284 quarn
1070 3221 1091 3266 a
1106 3200 1283 3286 sapientiae
1298 3199 1446 3284 tenebris,

235 3325 298 3390 qua
312 3311 344 3372 et
357 3303 516 3389 Pindarus
532 3303 752 3372 delectabatur
767 3312 799 3372 et
811 3290 991 3398 Euripides.
1021 3305 1109 3394 apud
1122 3305 1206 3371 hune
1222 3305 1305 3371 enim
1320 3301 1445 3390 Χρόνος

235 3411 358 3477 dierum
372 3416 465 3497 pater
480 3416 529 3476 est
542 3407 667 3498 (Suppl
684 3408 768 3499 788).
804 3405 919 3488 αἰῶνος
933 3417 1026 3497 pater
1044 3408 1218 3499 (Heraehd.
1233 3415 1295 3475 900
1311 3408 1349 3475 of.
1365 3407 1446 3476 Plat.

234 3515 333 3601 epigr.
351 3523 400 3580 19.
440 3513 537 3601 Orph.
561 3515 669 3602 hymn.
688 3522 738 3600 13,
754 3515 797 3602 5.)
843 3516 1035 3602 pravitatem
1056 3513 1219 3581 hominum
1240 3511 1362 3596 detegit
1377 3533 1447 3598 spe·
1565 3592 1566 3596 Ἰ
1601 3542 1605 3547 ·

235 3621 304 3688 culo
339 3620 386 3687 eis
414 3626 566 3704 tanquam
594 3619 710 3703 virgini
739 3619 845 3685 oblato
876 3618 1018 3707 (Hippoi.
1042 3618 1128 3708 424).
1176 3619 1266 3688 mitto
1289 3617 1447 3708 ambigua,

232 3719 345 3812 χρόνον
373 3719 485 3810 ἰατρόν
513 3724 565 3790 vel
589 3718 734 3811 τεχνίτην
755 3724 962 3809 comicorum,
996 3730 1028 3792 et
1049 3744 1132 3808 quae
1153 3723 1187 3788 in
1206 3721 1333 3789 laudem
1354 3722 1447 3788 Tem·

233 3829 321 3917 poris
344 3828 491 3895 dicuntur
512 3829 677 3894 innumera
699 3828 785 3914 apud
807 3828 998 3918 Sophoclem
1020 3836 1051 3896 et
1073 3827 1256 3916 Euripidem
1278 3825 1355 3916 (non
1370 3847 1446 3893 vero

234 3933 320 4019 apud
340 3932 555 4020 Aeschylum).
601 3953 665 4017 qna
696 3933 800 3999 fronte
829 3932 954 4022 Χρόνος
985 3933 1064 4002 deus
1098 3954 1169 4000 esse
1202 3932 1447 4002 Atheniensibus

234 4039 393 4124 negatur?
433 4039 598 4122 quianon
626 4038 810 4105 colebatur?
853 4040 1056 4106 colebaturne
1085 4045 1141 4107 aut
1161 4036 1277 4102 Λόινο
1300 4044 1355 4104 aut
1380 4031 1447 4101 Θό-

236 4167 333 4222 νοτος
354 4150 410 4211 aut
424 4144 521 4210 Astra
543 4150 598 4210 aut
614 4140 747 4220 Φθόνος
768 4149 824 4210 aut
843 4140 952 4233 Aiaq?
987 4151 1094 4212 tamen
1108 4145 1142 4210 in
1157 4163 1305 4212 scaenam
1318 4142 1449 4210 veniunt

235 4249 321 4315 etin
347 4249 486 4315 vasculis
510 4250 589 4336 picti
610 4255 691 4316 sunt.
736 4248 813 4332 quid
835 4249 919 4333 quod
945 4255 978 4316 et
1000 4249 1100 4316 Amor
1121 4255 1154 4315 ct
1171 4249 1314 4316 Victoria
1335 4247 1448 4314 eodem

234 4355 267 4421 in
300 4373 432 4420 numero
464 4360 545 4420 sunt.
588 4343 729 4443 ’ίθηνᾶν
758 4349 861 4441 Νίκην
891 4355 1010 4439 templo
1043 4361 1076 4420 et
1102 4353 1263 4421 sacrificiis
1293 4353 1448 4420 ornabant

234 4459 461 4543 Atheniensem
502 4459 645 4543 privatus
678 4459 804 4526 unicam
834 4479 923 4525 aram
952 4459 1063 4527 Amori
1094 4459 1255 4525 dedicavit
1283 4457 1446 4524 Oharmus.

234 4564 343 4648 itaque
363 4562 449 4650 apud
469 4571 582 4650 poetas
605 4566 688 4633 sexti
709 4565 828 4636 saeculi
849 4564 1049 4654 ineuntisquc
1072 4563 1173 4654 quinti
1192 4561 1345 4652 quidquid
1359 4542 1451 4633 libtit
