3666 5296
811 421 862 480 111.
882 425 906 480 8.

385 607 446 663 7-14
492 585 519 684 ᾦ
541 590 638 661 πάντ’
660 591 722 679 ἐγώ
743 594 818 674 δοὺς
839 588 928 680 τάμὰ
950 594 1005 662 καὶ
1027 593 1183 673 πεισθεὶς
1204 589 1313 681 λόγοις

489 698 610 789 μητέρα
633 697 796 778 κατακτὰς
818 691 912 779 αὐτὸς
934 695 1192 782 ἀνταπόλλυμαι·

251 807 325 873 nolo
349 806 456 872 subtili
479 805 698 888 disquisitione
719 803 949 890 demonstrare,
972 805 1032 871 hoc
1054 805 1211 871 distichon
1232 825 1302 870 oum
1321 805 1460 889 superio-

252 912 339 977 ribus
362 910 469 976 verbis
491 930 554 975 non
575 909 754 975 concinere:
782 915 933 992 quantum
955 910 1071 993 frigeat
1092 929 1185 975 nemo
1206 929 1268 974 non
1283 909 1379 974 videt.
1412 915 1461 975 est

252 1022 359 1081 autem
380 1014 548 1080 manifesto
564 1013 717 1097 spurium,
741 1014 815 1096 quia
831 1012 961 1080 Orestes
978 1012 1125 1098 paricidii
1141 1033 1248 1079 coram
1264 1013 1359 1080 choro
1375 1033 1459 1078 men-

250 1121 369 1192 tionem
392 1119 498 1184 facere
520 1139 583 1184 uon
603 1123 728 1202 poterat
750 1124 824 1183 ante
840 1108 1090 1203 ἅναγνωρισμόν.
1129 1116 1224 1184 valde
1239 1119 1460 1202 neglegentem

250 1243 321 1290 curn
350 1216 479 1289 'omnino
506 1223 539 1286 in
561 1223 679 1288 ultimis
702 1221 874 1306 tragoediis
901 1230 967 1288 turn
989 1223 1022 1286 in
1044 1222 1105 1287 hac
1123 1221 1290 1306 Iphigenia
1312 1242 1347 1288 se
1369 1242 1460 1305 prae·
1557 1211 1558 1217 ἵ

253 1329 332 1394 stitit
353 1325 523 1412 Euripides
551 1325 610 1392 sed
636 1327 668 1391 in
690 1326 947 1411 probabilitatem
969 1347 1031 1391 non
1053 1332 1178 1411 peccat,
1206 1327 1270 1391 imo
1293 1327 1345 1391 vel
1366 1326 1460 1392 nimis

250 1433 280 1498 ei
315 1430 429 1498 studet.
486 1430 630 1496 eiusdem
674 1437 779 1496 autern
814 1431 939 1514 generis
972 1429 1054 1496 hano
1084 1431 1358 1515 interpolationem
1390 1449 1461 1496 esse

251 1543 346 1618 atque
375 1556 431 1602 eas
458 1554 538 1618 quas
565 1535 597 1599 in
619 1535 743 1600 Helena
765 1534 859 1600 modo
882 1535 1086 1619 contemplati
1109 1554 1216 1600 sumus
1238 1535 1271 1598 in
1293 1535 1460 1620 propatulo

249 1646 305 1706 est.
350 1660 425 1704 num
439 1638 576 1705 fortasse
591 1637 786 1725 (dubitanter
801 1640 926 1722 loquor,
948 1639 1167 1722 neglegentior
1183 1638 1267 1704 enim
1280 1637 1341 1702 hac
1355 1643 1460 1704 aetate

249 1743 431 1831 Euripides)
460 1742 546 1810 idern
578 1743 870 1828 interpolatorem
898 1743 1028 1828 Pelopis
1061 1742 1187 1808 hastam
1218 1743 1251 1806 in
1277 1741 1460 1826 Iphigeniae

250 1848 365 1914 cellula
386 1845 494 1934 (quam
517 1847 562 1932 pii
584 1854 733 1932 parentes
753 1853 826 1932 post
847 1845 932 1912 filiae
954 1852 1088 1912 mortem
1110 1847 1261 1912 intactam
1278 1843 1460 1933 servabant)

248 1951 392 2018 abdidit?
436 1949 664 2038 ἀναγνωρισμῷ
687 1952 770 2017 enim
793 1950 908 2017 sufficit
931 1950 1016 2034 quod
1030 1949 1160 2016 Orestes
1182 1951 1308 2017 hastam
1327 1950 1360 2015 in
1375 1948 1459 2014 aedi-

247 2057 306 2122 bus
328 2057 470 2140 paternis
491 2056 582 2140 vidit,
606 2077 644 2122 ac
666 2075 780 2121 vereor
797 2075 838 2120 ue
859 2053 1070 2120 Athenienses
1089 2075 1213 2121 mecum
1228 2055 1342 2119 mirum
1358 2074 1459 2121 arma-

253 2161 443 2226 mentarium
465 2160 559 2226 risuri
579 2159 703 2224 fuerint.
749 2157 807 2224 sed
829 2159 966 2224 riserunt
987 2158 1132 2225 fortasse.

333 2266 371 2328 In
392 2263 455 2330 alio
486 2262 630 2330 eiusdem
657 2261 841 2347 tragoediae
868 2264 1024 2328 versiculo
1053 2261 1252 2328 emendando
1283 2261 1360 2328 mihi
1389 2263 1459 2348 ipse

248 2389 351 2455 paene
382 2367 505 2434 diffido:
534 2373 599 2432 tam
627 2367 683 2432 diu
710 2375 759 2433 est
786 2387 826 2432 ex
854 2387 920 2450 quo·
942 2367 1062 2434 frustra
1084 2367 1263 2451 corrigitur,
1291 2387 1361 2431 oum
1383 2367 1460 2432 mihi

246 2493 357 2539 verum
389 2479 511 2538 tantum
537 2493 600 2536 non
632 2471 833 2538 manifestum
859 2470 1012 2537 videatur.
1062 2472 1095 2536 in
1122 2471 1255 2555 prologo
1284 2471 1367 2536 enim
1397 2477 1458 2536 120

248 2576 378 2644 Orestes
400 2575 496 2662 fugae
519 2575 683 2644 consilium
706 2575 802 2641 abicit
1430 2561 1434 2568 ’
1506 2562 1512 2571 “

465 2669 580 2767 οὗγὰρ
604 2678 641 2746 τὸ
664 2682 723 2745 τοῦ
745 2683 828 2745 θεοῦ
849 2679 876 2764 γ’
900 2673 1006 2744 αἴτιον
1028 2673 1192 2766 γενήσεται

463 2787 580 2850 πεσεῖν
602 2779 759 2871 ἄχρηστον
778 2782 960 2871 θέσφατον.

246 2890 435 2956 vocabulum
457 2883 613 2976 dixqporov
637 2889 744 2954 littera
766 2915 777 2953 ι
801 2889 980 2974 subscripta
1002 2889 1130 2973 egregie
1151 2888 1289 2954 restituit
1304 2889 1457 2953 Herman-

247 3015 321 3079 nus3
345 3013 427 3077 quae
451 2995 607 3060 sententia
629 2995 865 3077 requirerentur
886 2995 967 3060 bene
991 2993 1071 3059 dixit
1085 2993 1218 3059 Weilius
1242 3015 1274 3058 ce
1296 2994 1376 3058 a'est
1392 3013 1457 3074 pos

246 3101 310 3163 mot
339 3099 395 3181 qai
425 3099 511 3164 serui
535 3117 629 3163 cause
654 3121 714 3180 que
741 3098 864 3163 l'orocle
893 3098 991 3163 tombe
1014 3097 1225 3163 subscribte.
1270 3117 1329 3162 nec
1351 3103 1458 3162 tamen

245 3203 308 3268 nisi
337 3221 467 3288 prorsus
493 3201 691 3268 incredibilia
724 3203 850 3287 prolata
883 3209 956 3267 sunt
982 3209 1167 3268 commenta.
1218 3201 1330 3284 ecquid
1353 3202 1459 3267 obstat

247 3306 480 3391 simplicissimo
508 3296 545 3371 οὗ
567 3303 627 3391 γὰρ
649 3304 688 3371 τὸ
709 3301 804 3372 τοῦδέ
826 3307 853 3389 γ’
873 3301 978 3372 αἴτιον
999 3302 1194 3392 pervicerat?

333 3410 436 3495 Magis
464 3411 561 3476 miror
589 3412 670 3477 tales
696 3412 783 3478 locos
810 3412 978 3494 inquibus
1009 3411 1192 3478 acutissima
1213 3411 1343 3495 ingenia
1365 3409 1457 3477 desu-

248 3514 363 3581 darunt
385 3521 549 3600 corruptos
577 3516 673 3580 etiam
697 3535 780 3581 nuno
801 3535 887 3600 esse,
915 3535 1010 3598 qnam
1031 3515 1117 3598 quod
1136 3516 1311 3580 tolerantur
1333 3521 1457 3581 senten-

246 3619 309 3685 tiae
331 3618 494 3703 Euripidis
524 3638 562 3683 ac
584 3639 791 3702 personamm
820 3619 932 3685 animis
955 3624 1065 3702 aperte
1089 3619 1274 3684 contrariae.
1319 3639 1392 3683 nam
1415 3618 1457 3684 ad

247 3723 373 3808 singula
411 3722 511 3789 verba
546 3723 651 3807 potius
689 3741 784 3805 quam
815 3723 858 3788 ad
888 3723 1114 3788 sententiarum
1150 3741 1304 3788 conexum
1334 3724 1457 3789 animus

247 3827 429 3894 advertitur.
474 3827 507 3891 iu
531 3826 692 3892 Bacchis
716 3835 778 3892 796
806 3828 870 3893 tale
897 3826 1046 3892 mendum
1076 3827 1220 3910 quamvis
1241 3828 1342 3912 patuli
1362 3828 1456 3894 inter·
1509 3825 1512 3835 ’

246 3938 354 4017 pretes
373 3952 436 3997 non
460 3936 634 3997 senserunt.

441 4038 543 4100 ΑΙΤ.
590 4028 699 4117 θύοιμ’
719 4028 758 4098 div
782 4028 867 4121 αὐτῷ
888 4035 1009 4118 μᾶλλον
1030 4030 1052 4122 ἢ
1072 4031 1274 4118 θυμούμενος

314 4147 375 4206 795
588 4136 674 4223 πρὸς
696 4135 811 4226 κέντρα
834 4135 1017 4222 λακτίζοιμι
1039 4137 1158 4227 θυμὸς
1179 4135 1224 4204 div
1246 4143 1325 4226 θεῷ.

474 4245 544 4308 ΠΕ.
585 4235 699 4308 θύσω·
726 4240 827 4331 φόνον
848 4265 883 4329 γε
900 4245 1024 4331 θῆλυν,
1048 4239 1161 4328 ὥσπερ
1183 4237 1282 4322 ὄίξιαι,

587 4346 691 4412 πολὺν
712 4344 851 4433 ταράξας
872 4344 905 4412 ἒν
927 4351 1137 4434 Κιθαιρῶνος
1160 4352 1304 4429 πτυχαῖς.

248 4458 282 4519 ut
315 4453 357 4520 sit
390 4453 472 4518 bene
505 4451 622 4518 dictum
649 4447 761 4539 ὥσπερ
787 4447 877 4532 ἄξιαι
898 4451 961 4539 (est
983 4458 1088 4519 autem
1112 4452 1354 4541 duriusculum),
1386 4455 1457 4537 quis

248 4579 313 4625 non
346 4556 434 4624 videt
466 4556 561 4642 plane
588 4547 847 4643 ἀπροσδιόνυσον
872 4576 944 4625 esse
977 4556 1063 4640 quod
1094 4557 1267 4626 maenades
1301 4557 1455 4648 supplicio
