3666 5296
365 403 420 460 188
930 403 966 459 H.
984 405 1010 460 6.

365 577 482 646 fabulis
500 575 685 662 Euripidem
710 597 773 644 nou
799 597 892 646 usum
919 597 999 644 esse.
1044 584 1080 644 ut
1106 579 1189 646 enim
1208 599 1265 646 eas
1286 578 1426 664 mittam,
1459 579 1576 664 quippe

366 684 414 750 eis
439 702 522 766 quae
539 681 580 748 de
595 681 688 765 Auga
708 681 870 767 Euripidis
892 683 1007 749 scimus
1035 683 1208 769 contraria,
1223 683 1351 767 quibus
1371 683 1465 768 Auga
1485 703 1576 768 prae-

366 807 468 872 gnans
491 785 618 854 detecta
639 805 709 852 csse
733 792 788 852 aut
808 787 841 852 in
856 787 1027 853 Parthenio
1044 787 1218 873 Telephum
1240 787 1308 854 sive
1330 788 1494 872 peperisse
1509 788 1576 853 sive

367 891 529 958 abdidisse
548 891 660 974 fertum,
690 911 731 958 nc
753 890 786 956 id
808 890 936 974 quidem
958 893 1114 976 congruit,
1142 891 1227 974 quod
1248 891 1398 977 Sophocli
1419 891 1578 976 placuisse

367 995 497 1080 scimus,
531 994 658 1080 Augam
686 995 753 1060 sive
780 995 919 1082 Nauplio
947 996 1015 1062 sive
1042 995 1176 1062 Caribus
1207 995 1304 1081 tradi,
1340 995 1514 1080 Telephum
1544 996 1577 1060 in

366 1099 537 1168 Parthenio
571 1099 746 1184 proiectum
773 1121 794 1165 a
819 1099 1001 1185 pastoribus
1026 1099 1162 1166 educari.
1212 1101 1363 1185 temporis
1390 1100 1473 1166 enim
1499 1099 1578 1166 limi·

366 1205 450 1272 tibus
475 1225 555 1270 sana
574 1203 717 1270 Graecae
740 1203 926 1290 tragoediae
946 1205 1018 1290 lege
1041 1203 1192 1290 flagitatis
1212 1203 1377 1290 obstrepit,
1403 1225 1463 1272 nco
1484 1203 1578 1270 deum

368 1329 408 1375 ex
442 1308 589 1378 machina
621 1307 782 1374 advocare
808 1309 894 1394 licet,
928 1307 1183 1392 quandoquidem
1206 1309 1337 1396 propria
1368 1309 1435 1376 eius
1465 1314 1580 1376 natura

368 1419 430 1498 est,
455 1419 491 1478 ut
516 1419 571 1479 aut
599 1413 766 1498 prohibeat
792 1433 874 1496 quae
902 1414 972 1480 fieri
997 1415 1088 1497 noHt,
1112 1420 1167 1480 aut
1187 1414 1295 1480 iubeat
1324 1433 1406 1496 quae
1433 1411 1581 1479 facienda

368 1518 519 1584 mortales
548 1517 699 1584 nesciant.
754 1516 904 1586 iuducere
926 1539 1003 1584 vero
1035 1518 1130 1584 deum
1160 1518 1268 1590 futura
1297 1524 1474 1602 mnentem,
1508 1537 1579 1584 cum

367 1621 466 1688 nihilo
482 1622 586 1688 minus
611 1621 793 1708 praescotia
812 1621 925 1688 eodem
946 1629 1056 1690 tenore
1079 1622 1294 1708 perficiantur,
1328 1620 1499 1688 absurdum
1522 1627 1579 1688 est.

369 1725 514 1810 exposui,
538 1724 624 1808 quod
646 1725 780 1792 Jahnius
808 1726 906 1792 sensit
924 1727 1031 1812 potius
1052 1746 1147 1811 quam
1168 1727 1395 1812 pronuntiarit,
1422 1746 1463 1792 ex
1483 1723 1579 1790 tradi-

368 1829 411 1896 tis
435 1829 554 1896 fabulis
577 1830 696 1896 nullam
722 1850 793 1896 esse
815 1829 1029 1917 Euripideam.
1074 1831 1126 1897 vel
1152 1831 1213 1897 hoc
1233 1831 1325 1916 parvi
1346 1852 1410 1896 non
1431 1829 1579 1896 ducerem

370 1971 411 1980 -
433 1933 555 2000 utinam
576 1933 618 2002 de
639 1934 784 2001 omnibus
799 1934 961 2022 Euripidis
977 1934 1094 2002 iabuhs
1115 1942 1237 2002 tantum
1255 1936 1407 2002 sciremus
1429 1932 1579 2000 -atde

369 2038 463 2123 Auga
479 2039 572 2124 plura
594 2037 668 2106 seiri
688 2045 830 2124 possunt.

457 2174 506 2240 Ex
544 2175 688 2241 omnibus
725 2176 804 2242 artis
844 2183 1116 2243 monumentorum
1155 2177 1339 2262 generibus,
1380 2173 1462 2241 inter
1498 2193 1579 2258 quae

369 2279 625 2366 incomparabilis
645 2279 700 2346 ille
722 2281 830 2365 paries
843 2281 1089 2348 Herculanensis
1112 2288 1195 2346 1143
1209 2281 1300 2347 Helb.
1321 2280 1458 2366 primum
1476 2281 1579 2344 locum

356 2382 538 2476 ¹obtinet,⁴)
559 2391 651 2450 notus
673 2391 722 2451 cst
742 2384 897 2451 Hercules
923 2387 1099 2471 Telephum
1121 2408 1142 2451 a
1163 2405 1258 2452 cerva
1278 2385 1430 2450 nutritum
1450 2384 1484 2448 in
1505 2383 1579 2448 Par-

370 2488 476 2554 thenio
497 2488 669 2555 inveniens.
714 2495 747 2554 at
775 2489 844 2555 iure
866 2490 998 2556 miratus
1021 2497 1070 2556 est
1092 2489 1165 2556 Otto
1188 2490 1321 2556 Jahnius
1344 2488 1429 2573 apud
1452 2487 1579 2572 scripto-

370 2612 422 2659 res
455 2612 610 2677 nusquam
642 2613 808 2660 occurrere
843 2593 924 2660 hanc
958 2593 1111 2678 fabulam,
1143 2593 1344 2660 nihilominus
1371 2591 1580 2677 peritissimus

372 2697 504 2781 quisquc
534 2717 657 2764 mecum
684 2699 869 2784 consentiet,
900 2698 1039 2764 remita
1061 2691 1223 2764 narratam
1246 2718 1317 2764 esse
1344 2719 1365 2762 a
1385 2696 1580 2762 nobilissimo

371 2808 468 2886 poeta
499 2822 563 2868 non
593 2823 632 2869 ex
656 2803 803 2888 populari
827 2802 996 2869 traditione
1024 2803 1081 2869 sed
1108 2823 1148 2869 ex
1174 2803 1275 2888 ipsius
1299 2801 1431 2868 arbitrio
1461 2799 1581 2866 confor-

371 2912 502 2992 matam,
535 2906 790 2991 quandoquidem
816 2907 930 2973 audien
949 2904 997 2973 'dc
1017 2927 1074 2972 suo
1095 2907 1215 2992 fingere
1238 2907 1315 2973 talia
1336 2905 1498 2990 nequibat,
1528 2903 1582 2987 qui

372 3032 436 3076 non
459 3018 668 3096 praeponeret
699 3012 761 3078 nisi
786 3032 869 3095 quae
899 3012 1092 3078 intellectum
1112 3013 1153 3076 iri
1178 3013 1280 3077 sciret
1327 3008 1484 3076 Graecum
1511 3009 1582 3075 dico

372 3136 436 3181 non
462 3115 649 3182 hodiernum
674 3116 835 3182 artificem.
880 3115 998 3201 duplici
1023 3117 1119 3200 igitur
1145 3116 1267 3182 ratione
1288 3113 1459 3181 iucundum
1479 3112 1582 3197 suerit,

375 3220 402 3285 si
423 3220 592 3287 Herculem
615 3221 705 3286 illum
729 3222 763 3286 in
786 3217 959 3307 Euripidea
985 3221 1152 3306 tragoedia
1180 3220 1342 3286 inductum
1364 3239 1435 3286 esse
1455 3217 1582 3284 demon-

374 3324 469 3390 strari
490 3325 624 3409 licuerit3
648 3316 743 3391 'nullo
766 3327 850 3392 enim
869 3325 997 3410 negotio
1019 3315 1258 3411 ἆναγνωρισμὸν
1279 3331 1459 3410 parentum,
1492 3323 1582 3388 Tele·

275 3440 279 3448 '
373 3427 534 3516 phumque
560 3437 696 3516 epatre
722 3437 883 3498 servatum
911 3451 951 3496 ex
969 3430 1104 3496 aliarum
1126 3429 1360 3514 tragoediamm
1381 3425 1583 3495 similitudine

460 3684 489 3754 4)
512 3684 611 3740 Mulier
629 3685 715 3749 alata,
742 3700 810 3754 quae
832 3683 942 3738 Herculi
966 3683 1115 3754 Telephum
1139 3681 1271 3748 ostendit,
1298 3697 1344 3736 cur
1361 3697 1415 3735 non
1433 3681 1583 3750 adpelletur

376 3787 424 3827 suo
441 3772 549 3826 nomine
566 3771 698 3836 Victoria,
717 3755 814 3827 neseio.
851 3787 919 3841 quae
937 3775 1096 3824 καλλίνικον
1113 3785 1218 3838 semper
1236 3769 1379 3824 comitatum
1391 3767 1482 3823 eodem
1495 3783 1583 3831 sensu,

376 3875 428 3928 quo
446 3859 583 3914 veterrimi
601 3858 717 3913 artifices
733 3859 881 3913 Minervam
894 3857 1007 3912 Herculi
1025 3858 1153 3925 iungunt,
1172 3855 1293 3910 Victoria
1310 3855 1429 3910 nondum
1439 3871 1473 3934 ex
1484 3855 1583 3909 Miner-

375 3961 426 4001 vae
443 3945 553 4000 numine
571 3945 705 4012 derivata,
728 3945 924 4014 quoddthonis
943 3945 1036 4014 quinto
1055 3944 1161 3998 saeculo
1179 3942 1282 3996 iactum
1301 3945 1350 3998 est.
1386 3945 1504 3997 ceterum
1523 3957 1583 3996 cum

378 4033 447 4087 hauc
468 4032 616 4102 imaginem
633 4032 798 4102 ignorarem,
822 4031 1005 4102 anaglyphum
1022 4045 1130 4085 aereum
1149 4030 1291 4084 Etruscum
1310 4029 1343 4084 de
1362 4045 1415 4098 quo
1433 4029 1516 4082 verba
1532 4027 1583 4082 feci

375 4119 443 4174 bull.
461 4119 486 4173 d.
501 4119 546 4174 ist.
565 4119 642 4176 1873.
660 4120 761 4189 pg.10.
781 4119 914 4188 erphcare
932 4135 985 4172 non
1003 4120 1133 4188 poteram.
1162 4133 1221 4171 cum
1233 4117 1304 4171 euim
1316 4133 1429 4186 puerum
1441 4115 1470 4169 in
1482 4114 1584 4185 gremio

376 4207 510 4276 nymphae
527 4205 666 4260 sedentem
675 4205 812 4260 exhiberet
823 4205 1034 4274 supervolitante
1043 4204 1147 4273 aquila,
1170 4220 1249 4272 quem
1258 4203 1362 4257 iuvenis
1373 4201 1468 4258 haculo
1480 4201 1585 4255 innisus

376 4294 617 4364 contemplaretur,
639 4292 758 4347 fabulam
779 4310 809 4348 er
826 4291 916 4346 herois
934 4290 1073 4346 cuiusdam
1090 4290 1208 4345 infantia
1225 4295 1361 4359 sumptam
1379 4305 1437 4344 esse
1455 4287 1585 4352 intellexi,

376 4396 474 4436 nomeu
492 4381 522 4434 iu
540 4379 628 4435 medio
645 4379 751 4449 reliqui.
788 4383 818 4434 at
835 4395 867 4434 ex
879 4377 1075 4434 Herculanensi
1092 4377 1197 4446 pariete
1209 4377 1343 4447 sequitur,
1364 4375 1513 4445 Telephum
1526 4391 1585 4428 esre

378 4466 412 4522 ab
428 4466 543 4524 Arcadia
564 4467 696 4522 nutritum
718 4467 753 4522 ab
776 4467 893 4522 Hercule
915 4466 1062 4521 inventum.
1099 4463 1132 4519 de
1150 4464 1241 4534 aquila
1259 4464 1347 4519 errari
1366 4462 1437 4518 sicut
1454 4461 1586 4517 Wieseler

376 4553 456 4611 Aroh.
475 4554 542 4608 Zeit.
560 4553 599 4608 XI
616 4554 675 4608 170.
709 4569 801 4609 verum
819 4553 947 4608 docuerat
964 4550 995 4606 0.
1015 4550 1085 4607 Jahn
1104 4550 1205 4605 ibidem
1220 4551 1245 4606 X
1259 4551 1318 4605 479.
