3666 5296
385 429 436 485 246
941 432 991 486 ΠΙ.
1009 435 1034 488 8.

385 601 501 686 dignae
534 604 682 670 videntur
713 604 862 670 Pentheo.
915 610 1025 670 eontra
1058 605 1222 689 egregium
1256 625 1327 672 esse
1360 605 1445 689 quod
1478 604 1596 670 Bacchi

384 708 510 772 luxuria
543 698 580 773 a'c
611 709 740 774 mollitie
776 708 905 792 dignam
927 709 1087 773 victimam
1117 708 1236 773 iudicat
1268 709 1406 774 lascivas
1432 709 1594 774 mulieres:
1644 721 1647 726 '

385 807 498 893 ὥσπερ
531 807 629 891 όξιος.
680 832 774 895 quam
806 833 918 878 vocem
950 813 1093 878 absolute
1126 813 1265 896 positam
1291 814 1325 878 in
1352 811 1474 878 deliciis
1500 812 1596 878 habet

386 916 531 980 acumina
557 923 689 1000 captans
710 916 872 1001 Euripidis
901 937 1013 982 sermo.
1057 917 1217 1000 ignoravit
1243 917 1326 982 hunc
1347 937 1438 982 usum
1459 917 1595 1000 interpo-

385 1021 468 1085 lator
489 1020 712 1105 Iphigeniae
730 1020 951 1087 Aulidensis
977 1029 1061 1086 1029
1084 1021 1139 1103 qui
1160 1019 1292 1087 Achillis
1315 1021 1415 1087 verba

969 1138 1051 1228 μηδὲ
1073 1145 1226 1228 πατρῷον
1250 1135 1351 1224 δόμον

605 1238 741 1326 αἴσχυν’·
771 1239 789 1311 ό
813 1238 948 1330 γάρτοι
974 1243 1159 1331 Τυνδάρεως
1182 1237 1349 1325 οόκόὶξιος
1428 1231 1431 1238 ’

384 1365 487 1431 inutili
520 1387 616 1432 versu
651 1367 738 1432 auxit
771 1372 878 1444 κακῶς
912 1357 1047 1430 όκοόειν·
1080 1364 1113 1431 ἒν
1133 1364 1192 1452 γὰρ
1210 1362 1359 1450 Ἕλλησιν
1381 1363 1490 1450 μέγας.
1539 1366 1597 1432 sed

384 1491 498 1536 vereor
519 1491 560 1536 ne
583 1491 692 1536 rursus
714 1471 754 1536 in.
770 1472 868 1536 altum
890 1471 1045 1555 abripian'

471 1591 634 1658 Postremo
658 1613 698 1657 ex
720 1591 836 1657 tabulis
859 1592 974 1676 prioris
997 1592 1117 1658 ordinis
1140 1592 1239 1657 trinos
1256 1593 1344 1656 locos
1361 1589 1475 1656 audaci
1493 1591 1595 1656 conie-

385 1703 487 1780 ctura,
506 1697 606 1762 trinos
622 1717 662 1761 ex
676 1697 829 1782 neglectis
845 1697 1120 1780 grammaticorum
1137 1695 1393 1761 adnotationibus
1409 1694 1595 1780 emendabo,
1613 1736 1616 1742 ·

384 1801 436 1866 vel
467 1801 572 1886 potius
603 1821 642 1865 ex
669 1801 785 1868 rectius
807 1801 966 1884 pensitato
989 1800 1132 1866 codicum
1155 1801 1326 1884 scriptura,
1362 1819 1457 1882 quam
1478 1800 1511 1864 in
1531 1805 1595 1864 tra-

384 1905 508 1990 goediis
522 1906 585 1970 illis
601 1903 642 1970 ad
658 1903 821 1970 doctorum
842 1904 1101 1987 indoctorumque
1123 1905 1324 1972 recensiones
1340 1903 1445 1970 redire
1465 1910 1595 1970 constat.

471 2025 607 2092 Alcest.
632 2032 716 2091 1153
761 2017 830 2089 ἀλλ’
854 2021 1026 2112 εὐτυχοίης,
1050 2019 1201 2108 νόστιμον
1224 2025 1251 2090 δ’
1276 2019 1389 2102 ttocrg
1408 2076 1415 2090 .
1432 2076 1438 2089 .
1456 2075 1487 2089 ..

343 2167 345 2179 ν
384 2132 429 2196 ita
450 2129 663 2196 Kirchhoffius
681 2130 904 2216 triplicemque
931 2129 1063 2196 lacunae
1087 2130 1264 2214 explendae
1289 2136 1435 2196 conatum
1456 2129 1490 2195 in
1512 2129 1595 2195 codi-

385 2236 473 2302 cibus
502 2255 573 2302 esse
597 2234 681 2300 dicit.
731 2233 819 2300 πόδα
847 2235 931 2300 enim
958 2236 1031 2301 vilis
1053 2235 1316 2320 interpolatorum
1339 2235 1432 2300 turba
1453 2233 1595 2318 praebet,

385 2336 460 2405 ὁδόν
474 2339 646 2406 Vaticanus
662 2359 732 2406 cum
747 2339 943 2412 Hauninensi
961 2359 1033 2417 suo,
1056 2333 1157 2421 δόμον
1172 2338 1404 2404 Laurentianus
1419 2339 1595 2404 Palatinus-

385 2465 455 2529 que.
500 2465 546 2530 γρ.
570 2441 669 2526 δόμον
700 2451 755 2510 aut
777 2465 823 2530 γρ.
846 2441 903 2508 καὶ
927 2436 1017 2508 πόδα
1045 2443 1160 2528 prioris
1184 2442 1303 2508 ordinis
1326 2443 1446 2525 aliquot
1468 2442 1595 2508 codices

385 2556 417 2616 et
438 2549 643 2614 Laurentiani
663 2548 819 2614 Venetum
851 2547 1059 2632 apographon
1089 2546 1286 2631 adscribunt,
1321 2567 1384 2612 non
1415 2567 1491 2612 vero
1523 2547 1594 2630 ipse

256 2704 259 2714 r
383 2653 622 2720 Laurentianus.
669 2673 750 2735 quac
777 2672 848 2718 cum
874 2653 919 2717 ita
942 2653 1003 2717 sint
1029 2643 1120 2717 πόδα
1142 2658 1174 2717 et
1197 2646 1273 2717 ὁδόν
1301 2651 1500 2716 coniecturas
1520 2670 1593 2716 esse

383 2759 476 2824 l'acile
508 2757 717 2823 concedimus.
768 2757 838 2839 quis
871 2777 948 2822 vcro
983 2753 1081 2838 δόμον
1107 2755 1316 2820 coniecisset?
1363 2761 1474 2820 eontra
1497 2754 1594 2838 igitur

384 2861 582 2928 sentiendum
613 2868 675 2945 est,
707 2859 958 2944 iudicandusque
987 2863 1018 2922 Φ
1040 2879 1151 2925 verum
1178 2879 1325 2925 servasse
1353 2859 1498 2948 quamvis
1525 2879 1592 2924 cor-

383 2973 518 3052 ruptum.
562 2965 732 3050 Euripides
766 2958 886 3052 δρόμον
901 2963 1058 3048 dederat,
1091 2962 1176 3046 quod
1202 2963 1391 3030 vocabulum
1417 2983 1488 3028 curn
1511 2961 1593 3028 deri-

383 3072 467 3138 vatis
489 3069 585 3136 valde
607 3076 702 3135 amat.

470 3191 603 3258 Troad.
629 3197 712 3254 1118
758 3186 854 3254 καινό
877 3191 997 3252 καινῶν
1020 3181 1281 3272 μεταβάλλουσαι
1301 3183 1401 3268 χθονὶ
1422 3181 1593 3266 συντυχίαι.

382 3296 508 3363 videtur
537 3295 597 3362 hoe
631 3295 774 3361 omnibus
810 3293 970 3360 codicibus
997 3299 1208 3378 propagatum
1236 3311 1316 3358 esse.
1365 3311 1440 3356 nam
1468 3291 1593 3358 silentio

383 3422 454 3468 meo
481 3400 566 3484 quod
589 3399 743 3465 Vaticano
769 3394 877 3462 καιναὶ
901 3383 1021 3462 Ικαινῶν
1050 3397 1189 3462 tribucre
1214 3393 1340 3461 videtur
1363 3401 1472 3461 eontra
1494 3394 1593 3460 diser-

382 3513 449 3574 tum
476 3503 680 3588 Freiburgeri
705 3502 918 3568 testimonium
946 3500 1105 3566 confidere
1133 3521 1197 3566 non
1219 3499 1335 3584 audeo,
1363 3497 1539 3564 cumidem
1560 3498 1593 3563 in

383 3609 559 3676 Hauniensi
581 3614 613 3674 et
630 3603 744 3673 scholii
755 3606 900 3672 Vaticani
922 3607 1069 3672 lemmate
1090 3610 1184 3670 extet.
1219 3604 1399 3668 Palatinum
1421 3600 1515 3667 καινὰ
1538 3599 1594 3666 καὶ

382 3720 446 3780 νῶν
473 3733 575 3796 neque
603 3710 775 3795 quidquam
802 3709 891 3776 aliud
917 3710 1035 3775 habere
1061 3728 1121 3790 ego
1148 3713 1256 3774 testor.
1300 3713 1392 3773 vetus
1414 3708 1595 3773 coniectura

382 3814 492 3884 καιναί
513 3818 600 3884 nullo
622 3817 749 3882 nominc
773 3813 988 3882 commendari
1009 3819 1123 3899 potest.
1169 3810 1369 3882 scribendum
1390 3812 1497 3897 potius
1511 3805 1594 3876 καίν’

382 3921 419 3990 ἐκ
440 3924 567 3988 καινῶν.
613 3920 650 3986 of.
675 3919 778 3986 Orest.
803 3925 886 3984 1503
911 3912 1040 4002 ἀμείβει
1065 3914 1178 3984 καινόν
1202 3913 1237 3984 ἐκ
1259 3920 1379 3981 καινῶν
1399 3913 1482 3982 τόδε.

468 4042 719 4110 Andromach.¹
737 4048 798 4106 179
822 4046 919 4126 negat
940 4040 1114 4106 Hermiona
1135 4039 1189 4104 uni
1210 4039 1323 4104 marito
1345 4039 1454 4123 plures
1477 4058 1594 4105 uxores

382 4169 559 4234 eonvemre,

622 4228 689 4300 ἀλλ’
713 4231 746 4310 ἒς
764 4230 842 4317 μίαν
863 4229 1042 4317 βλέποντες
1063 4222 1194 4296 εόναίαν
1212 4223 1343 4316 Κύπριν

621 4337 822 4425 στέργουσιν,
844 4333 935 4416 ὅστις
956 4334 1001 4424 μὴ
1022 4340 1128 4414 κακῶς
1148 4331 1246 4402 οἰκεῖν
1269 4331 1371 4399 θέλει.

380 4483 474 4530 nemo
497 4459 669 4544 quidquam
691 4458 732 4526 de
756 4479 812 4525 suo
834 4463 979 4526 mutaret.
1017 4465 1050 4524 at
1072 4457 1168 4524 schol.
1192 4456 1234 4520 Μ.
1249 4455 1286 4520 Β.
1307 4449 1432 4520 αὐαίαν
1447 4452 1594 4542 Κύαρινε

381 4561 488 4656 εὐμενῆ
509 4561 628 4653 τέρψιν
649 4560 822 4652 σύγκοιτον·
838 4556 993 4654 δηλοόότι.
1030 4563 1108 4650 legit
1125 4562 1216 4630 testis
1231 4559 1468 4644 antiquissimus
1483 4551 1595 4650 εὐγενῆ
