3666 5296
595 411 604 449 ,
830 356 911 440 nr]
1426 383 1478 442 ras

258 550 431 640 respiciunt
463 560 584 622 eertum
618 555 780 638 quoddam
804 556 944 641 facinus,
975 553 1061 640 quod
1098 552 1247 640 quoniam
1277 575 1479 642 nequaquam

257 659 382 743 vulgari
409 660 496 727 fama
526 661 688 726 ferebatur
718 658 828 746 (hodie
855 662 999 745 ignotum
1021 659 1084 747 est)
1106 660 1319 745 praecedente
1340 661 1479 745 quadam

147 853 149 860 Ι
256 763 424 846 tragoedia
454 763 540 831 olore
570 764 749 849 expositum
778 784 850 831 esse
880 765 1061 831 conicimus.
1114 765 1277 849 singulare
1307 785 1403 852 sane,
1446 773 1480 832 at
1571 765 1573 770 ’

256 866 352 932 aliani
384 852 618 953 interpretandi
648 867 803 934 rationem
836 887 900 934 non
928 867 1032 934 video.
1084 869 1275 953 interpretes
1306 869 1415 954 silent,
1444 876 1480 935 ut

255 969 367 1036 solent.
417 972 526 1054 itaque
557 991 628 1037 eum
648 971 823 1056 Hippolyto
858 971 1079 1055 ooniungenda
1107 977 1157 1038 est
1183 967 1365 1058 trhgoedia,
1396 992 1479 1056 quae

255 1073 398 1140 eiusdem
425 1074 566 1141 familiae
592 1075 660 1140 fata
686 1073 866 1142 induoebat.
912 1075 1024 1158 quales
1048 1074 1175 1142 fuerunt
1196 1075 1320 1159 Aepeas
1343 1081 1375 1141 et
1397 1073 1479 1142 The·

254 1195 343 1256 sees,
373 1178 456 1244 hano
476 1184 550 1244 ante
573 1184 637 1243 422
667 1184 771 1244 aotam
792 1179 951 1263 novimus,
979 1179 1069 1244 illam
1091 1185 1165 1245 ante
1188 1179 1478 1265 reteneamus

256 1282 403 1347 convenit
432 1289 551 1363 autem,
586 1281 745 1365 siqnidem
772 1281 918 1350 Theseus
951 1283 1021 1366 ipse
1053 1283 1195 1365 queritur
1230 1282 1272 1348 de
1306 1283 1478 1368 propinqui

255 1383 422 1451 cuiusdam
445 1387 579 1470 seelere,
602 1385 731 1470 Aegeus
752 1391 905 1474 tantum.¹

342 1487 531 1555 Heraolidas
555 1495 588 1555 et
610 1488 855 1574 Cresphontem,
886 1508 967 1572 quas
990 1508 1061 1555 oum
1084 1489 1259 1574 Hippolyto
1284 1490 1476 1574 eoniungere

253 1591 354 1676 nolui,
382 1593 460 1676 quin
479 1592 584 1659 eidem
607 1591 804 1658 didasealiae
825 1592 1016 1678 tribuerem,
1039 1593 1201 1660 eontinere
1223 1612 1275 1659 me
1297 1613 1360 1659 non
1379 1594 1477 1678 potui,

255 1696 400 1762 terminis
433 1702 612 1782 temporum
633 1701 699 1762 tom
721 1697 922 1782 propinquis,
954 1716 1042 1763 more
1064 1695 1226 1780 Euripidis
1247 1697 1281 1761 in
1303 1695 1477 1783 Hippolyto

254 1803 287 1862 et
309 1797 513 1884 Supplioibus
547 1801 625 1867 satis
657 1801 831 1885 explorato.
883 1805 1019 1884 utraque
1047 1801 1081 1866 in
1108 1801 1205 1873 rebus,
1233 1799 1477 1866 Heraelidarum

252 1903 403 1989 vertitur,
429 1909 565 1987 utraque
596 1903 640 1970 ad
665 1923 717 1970 res
741 1911 928 1990 praesentes
948 1904 1091 1989 respicit,
1123 1903 1237 1988 quodsi
1259 1903 1371 1970 ludere
1393 1905 1476 1988 lieet,

254 2005 449 2074 Temenidae
471 2009 637 2093 aptissime
661 2028 696 2075 se
718 2007 865 2074 obferunt
888 2045 930 2056 -
954 2014 988 2074 at
1008 2028 1068 2074 neo
1091 2009 1251 2075 Temenus
1265 2006 1477 2074 neefortasse

253 2109 439 2196 Lioymnius
452 2141 455 2145 ·
468 2112 606 2179 absurde
634 2131 705 2178 eum
726 2111 791 2178 iilis
814 2112 962 2196 ooniungi
984 2118 1118 2197 poterat.
1164 2111 1204 2178 de
1227 2131 1311 2178 anno
1333 2117 1476 2178 aetorum

252 2214 492 2297 tragoediarum
521 2217 641 2300 ambigi
663 2221 784 2300 potest,
813 2222 876 2281 429
900 2235 942 2281 an
962 2223 1026 2280 427
1042 2221 1193 2300 praestet.
1229 2216 1303 2281 huie
1317 2216 1393 2300 fgm.
1410 2223 1473 2282 462

250 2318 365 2385 melius
388 2321 550 2405 eongrnit,
573 2337 765 2402 quamquam
787 2337 918 2386 oausam
939 2319 986 2384 ita
999 2339 1201 2402 nequaquam
1215 2319 1388 2386 iudicatam
1402 2338 1475 2386 esse

251 2441 316 2486 non
348 2429 398 2489 est
431 2425 517 2506 quod
549 2443 704 2490 moneam.
756 2422 893 2507 deniqne
921 2427 1108 2488 tto—tm
1136 2445 1200 2490 non
1228 2425 1339 2508 plures
1361 2422 1474 2490 choros

250 2527 432 2613 aeoepisse,
456 2547 553 2612 quam
582 2535 659 2612 quot
680 2529 875 2613 noverimus,
908 2547 1012 2614 paene
1045 2533 1167 2606 eertum
1189 2527 1226 2593 fit
1258 2547 1300 2594 ex
1328 2526 1474 2609 quamvis

250 2630 359 2696 laeena
384 2633 507 2715 primae
534 2633 649 2700 aetatis
670 2631 783 2698 notitia
808 2651 891 2715 quae
919 2631 996 2698 mihi
1017 2637 1146 2717 praesto
1161 2639 1230 2700 est:
1256 2632 1374 2700 seimus
1390 2631 1474 2697 eninr

250 2733 332 2800 haee
354 2741 477 2801 tanturn

344 2840 361 2904 Ι
404 2845 468 2905 455
513 2838 682 2918 Πελιάδες.

404 3263 468 3322 442
513 3260 643 3345 πρῶτον
662 3253 805 3346 ἐνίκησεν
826 3257 876 3346 (C.
896 3261 920 3324 I.
944 3258 999 3325 (ir.
1023 3262 1048 3326 I.
1074 3265 1169 3344 2374,
1193 3257 1258 3347 75).

404 3368 468 3428 438
513 3365 666 3464 Κρῆσσᾳι
684 3351 854 3446 'Alasideos
878 3357 1028 3450 Τήλεφος
1049 3358 1240 3450 Ἄλκηστις.

316 3674 365 3740 IX
409 3682 471 3740 431
519 3671 651 3761 Μήδεια
675 3672 874 3762 Φιλοκτήτης
894 3670 1018 3752 Δίκτυς
1042 3669 1199 3763 Θερισταί
1216 3663 1253 3739 οὗ
1277 3668 1444 3755 σώζονται.

251 3783 285 3843 at
305 3778 479 3845 seeundum
503 3799 543 3846 ea
565 3799 648 3862 quae
671 3799 769 3864 supra
791 3779 1024 3866 disputavimus
1046 3779 1152 3846 eidem
1174 3779 1272 3846 aetati
1288 3777 1469 3844 adscriben-

252 3881 314 3948 dae
340 3889 414 3949 sunt
442 3883 699 3966 Bellerophontes
727 3884 924 3966 Hippolytes
951 3883 1074 3950 uelatus
1096 3883 1157 3949 Ioo
1179 3881 1300 3948 oetas
1322 3879 1470 3948 Phoeola

251 3985 418 4052 Phaethon
443 3987 578 4054 Rhesos.
629 3987 766 4055 fortasse
795 3987 915 4054 Aeolus
943 3985 1135 4054 Stheneboea
1164 3985 1299 4064 Danae,
1331 3985 1469 4067 deniqne

249 4097 285 4156 ut
305 4091 522 4177 alluoinemur,
546 4092 658 4174 Epeos
681 4093 825 4158 Phrixos
841 4090 1011 4158 Cretenses.
1047 4099 1143 4176 atque
1166 4091 1241 4174 quin
1267 4090 1328 4156 hae
1342 4089 1468 4174 potissi·

250 4215 337 4260 mum
355 4202 461 4263 aetate
482 4195 611 4262 fabulae
632 4196 883 4281 ignobilissimae
906 4195 1019 4262 doetae
1033 4195 1159 4281 fuerint,
1182 4214 1265 4278 quae
1279 4213 1320 4260 ne
1331 4193 1468 4258 Alexan-

251 4297 353 4365 driam
384 4299 513 4382 quidem
542 4306 771 4385 pervenerunt,
805 4299 875 4365 fieri
907 4299 962 4364 vix
995 4299 1107 4382 potest.
1152 4304 1186 4363 at
1214 4297 1324 4380 quidni
1350 4315 1469 4379 magna

249 4423 326 4488 pars
352 4403 466 4469 harum
492 4403 742 4489 tragoediarum,
771 4423 854 4486 quae
876 4403 941 4468 iarn
963 4409 1037 4468 ante
1060 4411 1125 4468 430
1148 4403 1330 4484 relegantur
1356 4405 1388 4465 et
1407 4398 1468 4463 hoe

250 4508 354 4594 posito
387 4514 420 4573 et
453 4527 605 4574 ooneesso
638 4527 753 4574 novem
781 4507 974 4574 didasoalias
1005 4507 1150 4590 explent,
1173 4507 1256 4572 inter
1278 4507 1466 4568 430-425
