3666 5296
817 447 820 455 K
852 359 890 413 11.
908 360 932 415 5.
1444 366 1495 420 181

289 530 402 597 ceteris
431 533 576 614 personis
606 531 701 598 etiam
723 553 781 618 per
802 533 953 601 iambicos
976 536 1119 604 senarios
1142 539 1351 622 conloquitur;
1378 546 1495 606 utrum

289 651 351 715 que
373 633 488 700 iterum
509 637 681 720 reperitur:
702 637 736 702 in
758 637 901 704 Bacchis.
945 646 1058 722 postea
1079 641 1269 709 Heraclidae
1284 643 1497 728 Cresphontes

288 738 420 804 Hecuba
437 739 591 806 Hercules
621 739 682 806 deo
711 761 751 806 ex
780 742 926 808 machina
953 749 1074 828 carent,
1109 766 1212 828 neque
1238 747 1368 831 probari
1391 755 1497 832 potest

288 842 384 927 ullam
406 843 604 926 tragoediam
620 852 693 911 ante
713 851 889 912 easactam
907 867 945 912 eo
959 848 1134 914 institutam
1147 849 1255 916 fuisse.
1290 851 1426 936 primum
1439 852 1495 936 igi·

288 951 339 1011 tur
358 948 536 1032 exemplum
550 948 805 1015 Andromacham
827 950 988 1017 habemus.
1025 958 1059 1017 at
1080 959 1233 1036 quotquot
1248 961 1395 1020 secuntur
1407 955 1497 1022 fabu-

289 1051 340 1118 lae
369 1059 423 1116 aut
455 1052 630 1119 habuerunt
656 1054 856 1138 inportunam
883 1055 1074 1141 machinam,
1108 1063 1163 1123 aut
1188 1059 1339 1125 habuisse
1363 1066 1497 1144 possunt

289 1160 416 1239 praeter
430 1155 645 1222 Alexandrum
663 1158 696 1222 in
716 1179 780 1240 quo¹
794 1158 959 1224 Casandro
973 1159 1220 1247 vaticinabatur,
1242 1162 1398 1248 Bacchas,
1421 1183 1497 1247 qua·

289 1278 358 1324 rum
384 1260 450 1324 iarn
471 1261 661 1328 mentionem
680 1262 826 1346 fecimus,
849 1262 994 1330 Troadas
1008 1263 1281 1351 Phoenissasque,
1302 1267 1429 1332 ultimas
1443 1267 1497 1332 tri-

288 1363 443 1447 logiarum
466 1364 591 1432 fabulas
614 1367 761 1432 continuo
792 1387 897 1432 rerum
924 1368 1049 1434 vinculo
1070 1369 1255 1436 iunctarum.
1298 1391 1373 1437 nam
1394 1372 1497 1453 qualis

287 1467 320 1532 in
343 1467 544 1553 Supphcibus
571 1477 626 1536 aut
646 1471 770 1536 Helena
798 1473 832 1536 in
854 1488 1002 1538 scaenam
1030 1473 1116 1538 venit
1142 1473 1229 1542 deus.
1249 1474 1345 1541 etiam
1373 1473 1498 1560 Oedipo

289 1571 399 1656 Augae
420 1573 584 1640 Alcmeoni
607 1574 769 1643 Corinthio
791 1576 961 1644 convenire
981 1582 1114 1662 poterat.

879 1807 908 1866 5.

379 1919 467 1986 Otto
503 1921 656 1987 Iahnius
691 1942 838 2006 supremo
874 1923 929 1988 illo
967 1943 1128 2008 sermone,
1174 1943 1236 2006 quo
1273 1945 1343 1990 curn
1379 1919 1496 1992 Adolfo

291 2022 453 2090 Michaelis
476 2045 558 2107 quae
581 2025 621 2091 de
637 2026 809 2091 carminum
825 2026 1019 2093 Graecorum
1041 2028 1235 2112 argumentis
1250 2029 1328 2094 artis
1342 2027 1498 2112 figuratae

290 2127 426 2194 fontibus
455 2131 622 2214 explorata
642 2131 774 2196 haberet
803 2131 1056 2216 communicavit,
1085 2129 1310 2216 discipulorum
1333 2133 1445 2198 studiis
1466 2140 1499 2200 et

291 2237 414 2296 vastum
440 2239 471 2297 et
492 2233 723 2317 inexploratum
745 2233 933 2317 significavit
956 2255 1110 2319 campum.
1155 2234 1241 2317 quod
1261 2235 1323 2319 ipsi
1344 2236 1499 2319 nobisque

291 2356 376 2401 mors
396 2336 525 2422 invidit,
550 2344 584 2401 ut
605 2357 686 2420 quae
709 2338 795 2402 clara
816 2345 889 2402 ante
912 2339 1020 2403 oculos
1043 2339 1111 2403 eius
1132 2345 1334 2403 versarentur
1363 2359 1498 2424 expone-

291 2446 350 2524 ret,
373 2461 523 2524 reparare
544 2441 649 2525 potius
671 2448 800 2506 strenua
819 2461 895 2506 cura
917 2461 1011 2524 quam
1033 2441 1116 2507 iusto
1142 2441 1217 2506 fletu
1231 2442 1340 2526 lugere
1366 2449 1501 2526 auguste

291 2543 351 2607 viri
382 2545 653 2630 incomparabilis,
683 2546 737 2628 qui
772 2545 878 2630 cupite
903 2546 1008 2628 quiete
1036 2545 1162 2630 fruitur,
1196 2545 1284 2612 iubet
1313 2546 1433 2632 imag03
1468 2555 1500 2614 et

290 2647 413 2713 firmum
438 2648 675 2715 fundamentum
693 2650 858 2716 Michachs
880 2667 954 2715 rara
971 2650 1089 2734 pietate
1111 2650 1304 2716 substratum
1326 2657 1384 2716 est.
1427 2672 1498 2718 con-

292 2759 355 2817 stat
374 2753 471 2836 igitur
492 2753 532 2818 de
555 2755 636 2839 cycli
658 2755 740 2839 epici
761 2755 967 2838 argumentis,
995 2753 1065 2818 fore
1086 2760 1121 2818 ut
1142 2760 1230 2819 recta
1250 2753 1304 2819 via
1322 2762 1498 2822 monstrata

293 2864 324 2922 et
346 2864 498 2940 augeatur
520 2858 656 2942 cognitio
679 2865 710 2925 et
731 2859 951 2944 amplificetur,
974 2863 1060 2924 certa
1084 2877 1158 2942 spes
1180 2864 1236 2924 est.
1274 2860 1499 2926 transeundem

293 2968 341 3027 est
372 2968 477 3027 autem
499 2961 542 3027 ad
563 2962 761 3046 tragoediam
784 2970 815 3028 et
837 2963 978 3028 carmina
999 2961 1115 3048 lyrica,
1146 2982 1185 3028 ex
1208 2963 1321 3046 quibus
1344 2985 1408 3029 non
1430 2964 1498 3030 Ste-

293 3063 436 3132 sichorus
468 3071 588 3131 tantum
622 3087 661 3132 ac
693 3067 872 3134 Simonides
906 3065 1163 3152 Pindarusque1)
1204 3066 1263 3132 sed
1294 3067 1501 3134 Alexandrini

293 3189 418 3253 quoque
439 3177 554 3256 poetae
575 3171 773 3259 Euphori02)
797 3171 1009 3238 Callimachus
1032 3168 1122 3256 alii³)
1145 3171 1178 3236 in
1193 3191 1321 3238 censum
1335 3173 1464 3238 veniunt
1472 3171 1500 3259 ⁴)

380 3410 408 3478 1)
425 3409 472 3462 Er.
491 3425 531 3477 gr.
549 3409 680 3478 quidquid
698 3411 745 3463 aut
761 3407 790 3462 in
808 3408 908 3462 litteris
926 3408 1019 3462 autin
1039 3407 1106 3462 artis
1119 3407 1243 3476 operibus
1255 3407 1399 3462 Herculem
1411 3406 1500 3462 infan-

293 3498 349 3550 tem
367 3496 531 3565 serpentium
550 3496 676 3550 victorem
695 3495 813 3550 celebrat
830 3495 865 3548 ad
882 3495 995 3549 Pindari
1012 3494 1203 3549 Nemeonicam
1222 3494 1336 3562 primam
1353 3493 1432 3547 redit.

379 3601 408 3668 2)
425 3599 603 3668 Euphorionis
623 3615 728 3653 carmen
746 3598 774 3651 in
792 3597 896 3666 pariete
907 3581 1072 3666 Pompeiano
1085 3578 1216 3651 Niobidas
1235 3596 1375 3650 exhibente
1390 3597 1502 3665 exprimi

294 3687 387 3740 eontra
404 3685 588 3740 doctissimum
607 3685 721 3740 amicum
738 3683 770 3738 A.
788 3685 907 3738 Marium
925 3701 967 3738 me
986 3684 1097 3738 evicisse
1116 3683 1240 3738 arbitror.
1275 3682 1340 3736 bull.
1360 3683 1436 3738 1874.

379 3789 408 3860 3)
426 3789 603 3844 Phaethontis
621 3789 679 3843 fata
694 3789 724 3842 in
742 3787 914 3857 sarcophagis
927 3789 1034 3857 sculpta
1049 3804 1081 3842 ex
1091 3785 1271 3842 Alexandrino
1283 3788 1363 3856 poeta
1375 3803 1391 3840 a
1403 3785 1500 3840 Nonne

294 3893 398 3945 quoque
416 3893 538 3946 expresso
556 3875 672 3944 pendere
690 3874 719 3928 iu
735 3875 858 3944 catalogo
874 3875 974 3928 monui.
1011 3873 1157 3928 Heliadum
1173 3871 1299 3941 Aeschyli
1311 3873 1500 3941 argumentum

294 3963 367 4032 apud
384 3963 468 4018 schol.
488 3984 503 4033 ρ
522 3964 574 4018 208
590 3961 663 4016 tradi
680 3977 820 4030 perperam
837 3961 963 4030 opinatus
983 3963 1025 4015 est
1039 3959 1185 4014 Nauckius.
1221 3975 1285 4013 uam
1305 3958 1412 4027 saepius
1425 3959 1500 4014 ocho·
1593 3971 1595 3974 ·

207 4113 210 4120 ,
293 4051 376 4105 licata
401 4050 448 4104 ille
464 4049 667 4119 tragodumenis
684 4047 852 4116 Asclepiadis
876 4063 904 4102 se
922 4048 965 4101 nti
982 4048 1041 4116 ipse
1059 4049 1184 4102 testatur.
1219 4043 1393 4114 Asclepiades
1410 4048 1501 4100 autern

293 4135 493 4206 tragoediarum
512 4138 672 4206 argumenta
689 4151 742 4188 non
760 4133 892 4196 narrarit,
916 4133 962 4188 sed
981 4133 1122 4188 historiam
1140 4131 1304 4194 fabulosam,
1332 4131 1420 4200 qualis
1439 4134 1503 4199 post

295 4223 458 4293 tragicorum
479 4240 556 4280 curas
577 4225 658 4292 longe
682 4222 737 4276 alie
755 4220 863 4275 reddita
886 4224 944 4274 erat
967 4223 1049 4291 atque
1074 4220 1180 4289 qualern
1206 4234 1236 4272 er
1258 4219 1342 4288 epicis
1358 4217 1502 4288 lyricisque

296 4311 457 4366 carminibus
475 4327 501 4366 v.
519 4328 541 4366 c.
559 4310 724 4380 Pherecydes
742 4312 907 4364 narraverat.

381 4416 410 4486 4)
428 4415 475 4470 ux.
498 4431 539 4486 gr.
555 4414 722 4480 Plutarchus,
747 4411 989 4482 inpudentissimae
1007 4411 1055 4465 ille
1072 4409 1216 4473 falsarius,
1236 4410 1264 4462 in
1280 4407 1419 4478 parallelis
1436 4423 1502 4462 usus
1545 4485 1548 4490 Ι

297 4504 340 4558 est
349 4502 483 4574 Erigonae
493 4501 712 4558 Eratosthenicae
724 4501 891 4570 argumento.
921 4499 1101 4554 Romanorum
1114 4499 1254 4566 poetarum
1266 4495 1384 4552 studium
1395 4494 1502 4551 omnino
