3666 5296
368 413 421 474 206
927 411 978 469 111.
998 413 1024 470 3.

369 593 430 660 del.
452 589 605 672 Diodori.

413 697 489 784 Iph.
511 696 549 759 T.
578 701 650 759 389.
673 689 714 757 τδ
737 694 793 780 τῆς
815 696 897 758 θεοῦ
920 689 956 758 δὲ
977 691 1149 784 μέμφομαι
1172 691 1372 784 σοφίσματα,

673 792 744 884 ἥτις
765 786 891 881 βροτῶν
911 794 970 879 μὲν
992 795 1029 885 ἢν
1049 822 1101 876 τις
1122 795 1251 887 ἅψηται
1273 795 1374 888 φόνου

674 897 706 990 [ἢ
727 899 781 966 καί
803 899 929 982 λοχείας
951 897 971 990 ἢ
992 907 1101 990 νεκροῦ
1123 901 1204 992 θίγῃ
1222 902 1340 992 χεροῖν]

662 1009 790 1090 ,βωμῶν
808 997 969 1090 ἅπείρμει.

366 1111 427 1199 aei.
450 1129 609 1196 Βισιιμ.

451 1234 571 1300 Orest.
595 1237 645 1296 51.
799 1228 918 1296 διοίσει
941 1237 1056 1320 ψῆφον
1083 1223 1239 1320 Ἀρμείων
1260 1231 1358 1311 πόλις

672 1331 701 1400 εἰ
721 1333 781 1426 χρὴ
802 1339 916 1401 θανεῖν
938 1335 983 1400 νιδ
1004 1333 1143 1422 λευσίμῳ
1165 1332 1355 1423 πετρώματι

674 1436 704 1528 [ἢ
725 1437 893 1528 φάσγανον
913 1435 1046 1528 θήξαντ’
1068 1438 1122 1506 ἐπ’
1144 1437 1274 1522 αὐχένος
1295 1441 1417 1532 βαλεῖν]

367 1550 428 1615 del
450 1547 571 1613 Naaela
1439 1537 1441 1540 ⁵

468 1667 630 1757 (iurabant
651 1665 748 1750 igitur
770 1665 901 1731 absurdi
922 1665 1080 1750 homines,
1103 1687 1144 1732 ne
1166 1667 1280 1751 tragici
1301 1667 1474 1750 quidquam
1493 1668 1580 1736 vide-

365 1781 474 1840 rentur
499 1771 653 1838 omisisse.
697 1770 762 1835 ficti
788 1777 894 1836 autem
921 1770 1037 1853 singuli
1064 1791 1176 1836 versus
1204 1771 1580 1858 diversis·temporibus;'
1682 1857 1684 1862 Ι

365 1900 439 1944 nam
463 1875 565 1943 Orest.
590 1881 627 1940 51
654 1874 775 1941 scholia
795 1882 906 1942 vetera
927 1882 1055 1959 norunt,
1082 1875 1176 1940 Herc.
1200 1884 1264 1942 184
1285 1875 1394 1942 infima
1415 1877 1580 1945 barbaries

353 1983 463 2048 ‘finxit
507 1987 650 2066 poteram
675 1980 772 2064 igitur
798 1977 885 2044 hisce
912 1979 1030 2045 similia
1059 1980 1251 2064 coniungere
1279 1981 1333 2076 ubi
1363 1982 1428 2047 alia
1449 1985 1580 2066 quaevis

367 2087 480 2152 abesse
512 2085 565 2151 vel
586 2084 692 2170 potius
713 2083 791 2148 addi
814 2103 910 2168 posse
932 2084 1004 2149 visa
1025 2091 1099 2149 sunt
1120 2086 1203 2149 male
1226 2084 1345 2151 sedulis
1367 2086 1580 2153 homuncioni-

366 2193 441 2276 bus,
464 2211 512 2257 ex.
536 2210 582 2274 gr.
605 2187 721 2254 Bacch.
745 2196 818 2254 909.
845 2187 893 2252 El
919 2196 968 2253 10.
998 2189 1125 2254 Hercul.
1147 2195 1220 2254 496.
1250 2190 1319 2274 Iph.
1341 2191 1412 2256 Aul.
1430 2199 1481 2276 99,
1506 2199 1580 2276 974,

367 2302 461 2361 1196.
495 2294 597 2360 Orest.
621 2300 671 2358 89.
700 2292 1059 2378 Phoen.1199,1282.
1089 2293 1153 2359 alia
1180 2301 1333 2360 sescenta.
1387 2293 1444 2361 sed
1473 2315 1490 2360 e
1512 2303 1580 2361 toto

357 2421 484 2484 'genere
505 2399 586 2465 haec
604 2419 669 2466 una
683 2398 820 2484 species,
831 2493 833 2497 Ι
843 2417 926 2480 quae
942 2398 1130 2482 apartieula
1145 2393 1166 2484 ἢ
1179 2399 1304 2483 incipit,
1322 2401 1401 2465 satis
1420 2421 1580 2486 magnum,

365 2507 490 2592 opinor,
522 2523 687 2570 numerum
719 2503 934 2599 conplectitur.
987 2502 1104 2568 addam
1137 2505 1242 2588 potius
1273 2503 1414 2570 eiusdem
1440 2505 1580 2571 familiae

364 2632 468 2696 pauca
488 2610 635 2694 exempla
657 2627 738 2691 quae
761 2606 866 2672 adhuc
888 2607 1019 2673 latuisse
1041 2607 1196 2672 videntur.

341 2739 347 2752 ‘
451 2730 569 2816 Iphig.
601 2729 679 2794 Aul
708 2734 780 2794 995.
836 2727 1092 2813 Clytaemnestra
1123 2749 1164 2794 ex
1190 2729 1313 2795 Achille
1340 2732 1478 2816 quaerit,
1506 2751 1581 2796 num

363 2835 560 2921 Iphigeniam
581 2833 701 2899 arcessi
719 2832 828 2898 iubeat

582 2945 812 3040 ἀπαρθένευτα
834 2950 892 3036 μὲν
916 2946 1001 3029 τάδ’,
1026 2949 1055 3018 εί
1075 2951 1116 3018 δὲ·
1134 2952 1187 3018 σοί
1209 2955 1310 3030 δοκεῖ,

580 3055 649 3144 ἣξει
672 3057 714 3123 δι’
734 3052 845 3134 αἰδοῦς
866 3049 942 3140 ὔμμ’
966 3051 1068 3138 ἔχοιμ’
1087 3052 1266 3144 ἐλεύθερον.

583 3157 615 3250 [ἢ
636 3159 680 3249 μὴ
704 3159 869 3248 παρούσης
891 3151 991 3225 ταύτὰ
1013 3155 1164 3244 τεύξομαι
1185 3160 1302 3251 σέθεν]

364 3281 583 3366 interrogandi
605 3283 696 3366 signo
718 3303 845 3348 versum
868 3281 1010 3366 spurium
1031 3282 1228 3347 tolerabilem
1250 3282 1341 3348 reddi
1357 3303 1428 3350 cum
1443 3286 1581 3352 Heathio

362 3387 430 3452 iere
463 3374 608 3471 credunt,
640 3387 795 3471 obstrepit
828 3406 906 3452 vero
937 3384 1211 3470 Clytaemnestrae
1242 3394 1273 3452 et
1297 3395 1412 3474 poetae
1439 3391 1578 3455 consilio.

363 3492 417 3574 qui
438 3491 484 3557 ita
505 3491 728 3576 interrogaret,
749 3490 948 3575 Iphigeniam
969 3490 1078 3554 venire
1101 3491 1206 3556 nollet.
1244 3491 1329 3574 quod
1351 3493 1379 3559 si
1393 3493 1491 3560 nollet
1506 3478 1578 3578 cly-

362 3603 557 3662 taemnestra
583 3597 709 3662 omnino
738 3595 858 3660 nullam
886 3595 953 3660 eius
976 3595 1022 3659 rei
1043 3595 1234 3660 mentionem
1255 3595 1400 3682 fecisset,
1431 3599 1579 3682 quoniam

362 3699 502 3766 Achilles
524 3701 658 3766 salutem
679 3701 744 3765 iam
767 3696 872 3766 antea
885 3699 914 3764 ei
936 3699 1094 3783 promisit,
1117 3700 1205 3781 atqui
1226 3699 1387 3782 gaudebat
1409 3701 1579 3786 Euripides

361 3805 502 3870 moribus
538 3808 753 3888 μαστροποῖς
786 3803 1072 3889 Clytaemnestrae,
1111 3823 1193 3885 quae
1224 3803 1395 3871 formosam
1428 3825 1579 3891 sponsam

362 3908 504 3993 cupidini
524 3907 657 3974 Achillis
687 3908 881 3993 praetendit,
911 3907 964 3993 (cf.
988 3907 1107 3972 Hecub.
1132 3915 1195 3972 895
1214 3929 1295 3973 cum
1318 3909 1431 3997 schol.)
1463 3918 1495 3976 et
1516 3911 1578 3976 vir-

362 4013 461 4097 ginali
490 4014 612 4098 pudore
642 4012 785 4079 Achillis.
830 4033 907 4096 ergo
941 4019 1051 4079 contra
1077 4012 1177 4097 ipsius
1205 4013 1345 4078 animum
1376 4015 1491 4080 fecisse
1517 4037 1580 4080 non

361 4117 522 4202 putandus
546 4124 602 4183 est.

450 4237 542 4303 Med.
567 4245 639 4303 946.
683 4237 830 4322 deplorat
848 4237 1014 4302 mulierum
1036 4237 1154 4302 infelici
1176 4237 1376 4304 matrimonio
1391 4245 1579 4316 vexatarum

362 4342 516 4409 miserias.

577 4437 658 4534 ἀνὴρ
681 4447 709 4511 δ’
732 4440 812 4510 ὅταν
833 4448 904 4522 τοῖς
926 4440 1018 4510 ἔνδον
1039 4441 1179 4532 δίχδηται
1203 4441 1313 4527 ξονοίν,

579 4545 641 4630 ἔξω
661 4547 767 4634 pobbo
789 4543 911 4613 ἔπασσε
934 4545 1068 4636 καρδίαν
1090 4544 1186 4638 ι’ίσης·
