3626 5288
382 437 434 498 Idi
541 432 558 444 ”
948 440 985 500 11.
1004 443 1030 503 3.

382 621 417 681 at
437 615 597 682 Pirithous
619 621 650 682 et
671 637 769 702 saepe
793 623 825 684 et
845 618 900 683 diu
920 619 1003 684 lecta
1026 623 1087 703 est,
1111 623 1206 700 atque
1226 621 1357 702 praeter
1372 617 1603 698 argumentum,

382 719 469 802 qnod
488 719 572 785 infra
591 719 735 806 pluribus
757 741 946 806 persequar,
972 742 1086 788 versus
1108 741 1172 787 non
1193 721 1240 786 ita
1261 719 1357 805 pauci
1379 717 1500 784 servati
1520 721 1601 783 sunt.

381 822 415 886 in
441 823 555 906 quibus
585 825 713 908 spuriae
736 825 868 909 originis
890 845 953 890 non
974 826 1070 910 plane
1091 823 1207 890 desunt
1227 823 1354 889 indicia.
1399 827 1434 887 ut
1455 821 1540 888 enim
1562 819 1602 886 de

384 947 422 992 eo
444 933 581 1012 taceam,
606 928 707 994 multa
731 929 867 994 inveniri
893 929 1050 994 vocabula
1071 923 1165 1006 ἅπαξ
1179 923 1348 1014 εἰρημένα,
1377 911 1423 1013 (et
1444 923 1601 991 Rhadam.

384 1035 461 1120 660,
485 1038 505 1094 4
527 1024 644 1116 πάτωρ
664 1032 810 1097 mirabile
833 1031 1051 1120 sane)insunt
1073 1051 1155 1114 quae
1178 1031 1218 1096 ab
1240 1028 1403 1116 Euripidis
1423 1048 1499 1112 usu,
1527 1028 1603 1110 quin

383 1153 404 1198 a
425 1133 593 1219 tragoedia
614 1141 646 1200 et
667 1142 777 1202 vetere
798 1135 928 1200 Atthide
952 1135 1152 1201 abhorreant.
1191 1134 1284 1201 huius
1306 1133 1433 1216 generis
1450 1138 1499 1199 est
1515 1129 1603 1198 ἕνδε-

383 1237 483 1316 λεχῶς
512 1237 576 1302 Pir.
601 1246 664 1306 596
671 1246 723 1324 ,5
758 1245 831 1304 ante
851 1238 1018 1304 Platonem
1040 1238 1102 1304 nisi
1123 1237 1217 1304 fallor
1238 1257 1301 1303 non
1325 1236 1483 1321 auditum,
1516 1233 1603 1322 (nam

383 1339 525 1430 Choerili
549 1341 626 1425 fgm.
652 1351 670 1408 7
700 1343 801 1409 Samii
828 1343 882 1407 vix
910 1341 1018 1428 fuerit)
1039 1341 1125 1406 illius
1149 1331 1262 1427 Ἀίδης
1283 1345 1447 1424 tamquam
1468 1339 1604 1404 creticus

382 1443 415 1508 in
431 1445 556 1511 senario
571 1452 758 1530 usurpatum
773 1443 861 1533 (930.
895 1445 982 1529 quod
997 1465 1119 1511 summo
1134 1444 1203 1510 iure
1217 1444 1279 1510 hue
1295 1444 1415 1510 rettulit
1430 1440 1604 1528 Welcker),

384 1565 460 1612 num
481 1548 534 1622 vel
553 1549 587 1614 in
609 1549 741 1616 canticis
761 1550 825 1615 ista
844 1567 994 1616 mensura
1015 1548 1160 1614 adhibita
1180 1549 1234 1634 sit,
1258 1547 1428 1614 dubitatur.
1466 1545 1604 1628 denique

385 1646 575 1737 πρόσχωρον
605 1650 773 1740 (Rhadam.
802 1652 879 1740 659)
906 1653 1065 1738 Aeschylo
1089 1652 1301 1738 Sophoclique
1332 1652 1483 1735 frequens
1511 1669 1603 1715 voca·

385 1754 493 1819 bulum
528 1755 569 1820 ab
597 1755 748 1840 Euripide
781 1762 964 1822 constanter
989 1757 1123 1821 vitatum
1148 1763 1204 1822 est.
1256 1755 1315 1822 sed
1340 1756 1436 1839 longe
1462 1754 1604 1838 gravius,

385 1857 472 1940 quod
504 1859 679 1924 sententiae
713 1859 917 1944 proferuntur
942 1858 1105 1944 Euripidis
1134 1859 1259 1944 placitis
1295 1859 1470 1944 oppositae.
1519 1853 1605 1940 quod

385 1961 428 2027 ad
461 1961 651 2027 firmandam
681 1963 886 2049 Euripideam
917 1963 1072 2047 originem
1103 1962 1252 2028 adferant
1284 1963 1337 2046 qui
1371 1982 1442 2028 cum
1468 1959 1604 2026 Elmleio

385 2066 570 2150 Euripidem
589 2067 782 2132 arbitrantur
795 2068 1070 2152 marvellously
1093 2065 1272 2133 addicted
1292 2073 1329 2132 to
1351 2067 1414 2132 the
1436 2064 1605 2150 practice

386 2169 427 2235 of
452 2170 733 2255 contradicting
767 2171 928 2238 himself.
978 2191 1038 2254 ege
1061 2170 1257 2254 persuadere
1279 2169 1357 2235 mihi
1379 2190 1443 2235 non
1464 2187 1605 2254 possum,

385 2293 536 2357 magnum
561 2281 703 2360 poetam,
730 2276 910 2340 scaenicum
936 2274 1159 2360 philosophum
1185 2281 1239 2339 aut
1266 2273 1328 2339 sibi
1354 2280 1410 2338 aut
1436 2269 1605 2356 spectanti-

385 2375 445 2444 bus
466 2379 630 2444 mentitum
653 2399 733 2444 esse.
780 2383 811 2444 et
838 2379 981 2461 quisquis
1002 2378 1147 2463 {effigiem
1170 2378 1251 2462 eius,
1276 2377 1414 2443 frontem
1436 2373 1604 2460 cogitando

385 2488 544 2567 rugatam,
572 2483 742 2568 supercilia
762 2487 925 2565 tamquam
950 2481 1085 2547 hominis
1114 2481 1168 2564 qui
1195 2501 1313 2564 magna
1340 2486 1371 2546 et
1391 2481 1477 2545 bona
1497 2477 1604 2544 facere

384 2585 504 2653 frustra
538 2593 669 2653 conatus
698 2587 740 2652 sit
774 2592 950 2670 contracta,
988 2585 1079 2650 labra
1115 2585 1204 2650 clusa
1235 2589 1267 2649 et
1301 2589 1457 2667 contorta,
1497 2581 1604 2665 qualia

384 2690 418 2755 in
439 2690 566 2757 homine
585 2709 741 2756 summum
764 2689 906 2756 dolorem
927 2689 1046 2754 frustra
1067 2693 1276 2773 conpescente
1300 2692 1499 2772 spectantur,
1520 2685 1603 2768 quis·

386 2795 457 2878 quis
491 2794 628 2878 denique
661 2795 769 2873 oculos
798 2799 951 2860 retractos
978 2792 1106 2875 quidem
1133 2799 1167 2856 at
1197 2791 1361 2876 ardentes,
1395 2791 1449 2873 qui
1478 2809 1542 2855 non
1570 2787 1603 2852 in

386 2899 554 2984 superficie
594 2918 700 2965 rerum
742 2898 915 2965 subsistere
953 2896 1011 2962 sed
1047 2897 1080 2960 in
1116 2895 1259 2961 intimam
1299 2894 1472 2960 medullam
1507 2912 1602 2978 pene-

384 3010 471 3069 trare
497 3006 691 3088 consuerint,
718 3003 948 3100 contemplatus
979 3000 1051 3088 erit,
1076 3019 1200 3066 mecum
1223 2998 1382 3086 sentiet.²)
1426 2997 1603 3063 Valckena-

465 3191 494 3260 2)
512 3190 646 3259 Pleraque
673 3189 825 3259 imaginum
842 3187 982 3256 Euripidis
1013 3187 1052 3256 (et
1079 3189 1187 3241 servata
1212 3189 1277 3240 sunt
1301 3185 1449 3254 permulta)
1471 3184 1506 3238 ad
1530 3183 1602 3238 idem

377 3275 493 3332 redeunt
516 3279 662 3345 exemplar.
699 3277 785 3330 distat
810 3276 903 3344 paullo
922 3263 1016 3328 herma
1033 3275 1185 3342 Bonnensis
1204 3275 1232 3328 et
1247 3272 1319 3327 inter
1338 3271 1494 3341 Capitolina
1514 3271 1603 3340 capita

378 3359 429 3420 No.
442 3365 489 3430 41,
516 3365 631 3434 denique
658 3362 922 3432 praestantissimum
947 3361 1020 3415 inter
1046 3359 1241 3429 Neapolitana,
1270 3359 1341 3429 quod
1369 3359 1483 3428 dignum
1509 3362 1552 3412 est
1576 3361 1603 3412 et

378 3452 488 3520 gypseis
512 3450 615 3520 ectypis
636 3452 664 3504 et
687 3448 782 3504 subtili
799 3447 1005 3502 examinatione.
1032 3447 1172 3514 (Visconti.
1192 3445 1227 3500 Ic.
1248 3445 1293 3501 Gr.
1314 3445 1377 3498 Tar.
1397 3445 1429 3498 V.
1466 3443 1600 3498 Welcker.

378 3537 410 3591 A.
430 3537 463 3590 D.
481 3535 503 3590 I.
521 3537 595 3605 484).
642 3535 690 3604 sed
717 3533 888 3602 arehaeclogi
914 3533 996 3586 nimis
1021 3532 1100 3586 seriis
1127 3531 1344 3602 quaestionibus,
1373 3531 1459 3584 veluti
1482 3529 1517 3584 de
1545 3533 1602 3585 arte

379 3622 594 3684 antehomerica,
621 3622 804 3685 abstinentur,
833 3619 975 3689 quominus
994 3617 1029 3672 ad
1055 3618 1123 3672 artis
1144 3633 1206 3673 vere
1225 3615 1343 3672 Graecae
1361 3615 1521 3672 thesaurum
1541 3631 1602 3670 ocu·

379 3709 421 3763 los
437 3712 605 3772 convertant,
625 3708 720 3778 quiin
739 3706 839 3761 statuis
857 3705 1010 3774 hermisqne
1028 3704 1168 3758 hominnm
1185 3703 1336 3757 illustrium
1355 3704 1531 3757 conservatus
1551 3703 1602 3766 est,

379 3795 434 3850 nisi
451 3795 522 3849 forte
535 3795 716 3864 Hippocrates
727 3793 924 3862 Aristophanes
937 3791 1062 3852 Socrates
1077 3791 1179 3844 adunco
1199 3807 1264 3844 naso
1282 3791 1399 3844 reiciunt
1417 3792 1550 3858 tanquam
1569 3787 1604 3844 ad

379 3881 527 3942 ludibrium
556 3880 647 3935 efficta
674 3880 811 3948 exempla,
840 3877 927 3932 eidem
951 3877 998 3946 qui
1021 3876 1175 3930 Alcibiades
1199 3875 1313 3930 Phidias
1333 3875 1457 3930 Philetas
1482 3875 1603 3932 securius

380 3984 461 4037 quarn
489 3966 710 4036 circumspectius
734 3965 880 4034 reperiunt.
919 3980 969 4031 ego
987 3963 1164 4016 Mantuanam
1182 3961 1320 4030 Euripidis
1340 3963 1495 4030 protomen,
1522 3977 1604 4030 quem

359 4069 363 4078 ·
379 4054 643 4123 praestantissimam
662 4051 756 4106 dicunt
773 4050 930 4104 Viscontius
948 4051 976 4102 et
993 4049 1163 4116 Welclxerus,
1189 4049 1242 4102 viri
1256 4049 1318 4102 istis
1337 4048 1419 4116 nugis
1438 4047 1604 4102 etiamtunc

381 4141 501 4196 animum
520 4139 704 4204 advertentes,
722 4154 776 4192 non
795 4136 859 4190 vidi.
889 4137 1007 4204 palmam
1029 4135 1119 4189 defero
1138 4135 1291 4206 fragmento
1304 4134 1436 4188 Vaticano
1459 4131 1603 4204 quodiam

268 4276 271 4284 .
380 4227 410 4282 in
428 4226 568 4281 Musarum
588 4241 651 4280 oeeo
672 4225 748 4278 extat
765 4223 903 4290 (Picclem.
924 4221 971 4276 VI.
991 4221 1051 4290 29);
1070 4221 1178 4275 exhibet
1196 4223 1281 4274 artem
1297 4219 1451 4274 Alexandro
1470 4221 1603 4288 posterio-

380 4329 452 4377 rem,
476 4329 564 4382 neqne
589 4311 717 4381 displicet
739 4309 811 4379 quod
831 4325 877 4370 eas
900 4307 979 4362 faciei
1001 4307 1102 4362 forinas
1126 4307 1222 4376 quihus
1244 4305 1386 4376 ingenium
1410 4307 1489 4376 quale
1509 4309 1604 4375 postea

380 4395 538 4453 credebatur
560 4397 699 4466 Euripidis
727 4395 876 4450 clarissime
907 4396 1101 4464 proponeretur
1129 4398 1223 4448 auctas
1248 4395 1275 4448 et
1300 4393 1433 4462 expolitas
1458 4409 1519 4447 esse
1546 4392 1603 4446 ani·

379 4484 581 4540 madvertimus.
624 4483 742 4552 proxime
769 4484 799 4534 at
820 4482 903 4548 longo
929 4479 1072 4533 intervallo
1100 4495 1187 4548 neque
1212 4481 1244 4533 ut
1269 4479 1337 4534 satis
1363 4481 1423 4532 tuto
1449 4479 1485 4532 ad
1499 4479 1603 4548 ,paullo

379 4570 553 4624 intentiorem
574 4585 604 4622 eo
632 4569 719 4623 utaris
740 4567 971 4636 disquisitionem,
995 4567 1076 4633 caput
1101 4569 1208 4619 statuae
1232 4566 1352 4636 tragicae
1370 4566 1399 4619 in
1418 4566 1517 4619 exedra
1535 4581 1604 4622 nova
