3666 5296
375 393 428 450 230
940 392 991 450 111.
1009 390 1035 449 7.

461 568 567 656 Lycus
590 566 721 634 chorum
741 567 885 653 increpat

591 685 682 772 ὑμεῖς
700 685 750 770 δέ,
774 687 943 775 πρέσβεις,
966 691 1039 766 ταῖς
1059 687 1153 772 ἐμαῖς
1175 683 1318 755 ἐναντίον

592 786 770 878 γνώμαισιν
793 788 882 872 άντες
904 784 940 860 οδ
962 788 1061 878 μόνον
1084 791 1247 872 στενάξετε

592 895 669 976 τούς
688 893 1044 991 (Ηρακίείουςτταῖδας
1066 890 1225 964 ἀλλὰκαὶ
1247 895 1348 980 δόμου

485 1007 548 1069 250
592 997 704 1084 τύχας,
726 999 803 1069 ὅταν
825 997 935 1092 πάσχῃ
956 1027 1007 1080 τι,
1028 1000 1235 1092 μεμνήσεσθε
1253 999 1293 1068 ,δὲ

593 1107 705 1174 δοῦλοι
726 1110 861 1192 γεγῶτες
877 1111 934 1196 τῆς
955 1105 1034 1197 ἐμῆς
1055 1104 1249 1191 τυραννίδος.

375 1249 468 1296 nemo
497 1231 610 1315 opinor
637 1227 756 1296 nedum
776 1230 885 1297 minax
908 1235 941 1296 ct
961 1231 1157 1298 truculentus
1178 1235 1347 1316 postquam
1369 1227 1450 1296 dixit
1471 1227 1588 1310 lapaut

375 1336 418 1402 tis
448 1355 515 1399 νιοιι
546 1334 648 1400 solam
670 1333 822 1400 Herculis
855 1335 942 1416 filios
975 1331 1031 1400 scd
1063 1323 1191 1401 δοινιιιαι
1223 1341 1360 1401 cestrota
1392 1331 1425 1420 (i.
1450 1351 1477 1399 e.
1506 1331 1589 1398 filios

375 1437 514 1526 vestros)
532 1438 622 1504 addit
642 1440 771 1522 ραουάο
793 1439 822 1505 σι’
841 1439 969 1522 aliquid
990 1440 1151 1506 οεοίάενίι.
1197 1439 1406 1506 condicionali
1427 1436 1589 1504 enuntiato

376 1549 502 1628 oportet
524 1543 718 1626 significetur
739 1544 871 1629 crimen,
900 1564 962 1629 quo
985 1545 1154 1612 commisso
1177 1546 1292 1613 chorus
1312 1563 1434 1630 poenas
1455 1542 1587 1608 daturus

377 1654 434 1714 est.
480 1648 531 1714 cui
548 1647 677 1714 minime
699 1648 854 1734 obstrepit
881 1648 967 1732 quod
988 1650 1156 1736 participio
1180 1644 1268 1727 άνιες
1290 1647 1516 1715 condicionalis
1537 1645 1587 1712 vis

377 1753 510 1818 subesse
536 1758 650 1836 potest.
700 1752 833 1820 infestos
860 1754 944 1820 enim
970 1754 1031 1836 sibi
1060 1774 1133 1821 esse
1153 1773 1247 1820 senes
1270 1753 1377 1840 Lycus
1398 1751 1499 1837 probe
1521 1750 1589 1834 scit,

377 1863 472 1940 atque
494 1857 644 1938 quoniam
663 1855 743 1922 illud
762 1858 822 1924 scit
842 1860 926 1924 ultra
948 1879 1004 1924 eos
1025 1859 1178 1944 progredi
1196 1863 1292 1926 vetat.
1331 1855 1418 1941 quod
1439 1856 1485 1923 ita
1500 1854 1589 1922 iecit:

379 1954 547 2039 στενάξετε
569 1957 644 2026 ὅταν
666 1954 808 2046 χάσκγτε.
843 1981 938 2044 quem
957 1963 1104 2028 vocabuli
1121 1960 1249 2041 χάσκειν
1269 1983 1363 2029 usum
1381 1962 1408 2028 si
1426 1961 1460 2027 in
1475 1959 1586 2027 lexicis

379 2065 564 2148 vulgaribus
578 2065 697 2132 frustra
712 2065 918 2151 quaesiveris,
940 2086 1023 2150 quae
1039 2067 1196 2133 sufficiant
1209 2068 1267 2133 tibi
1282 2067 1479 2153 praebebunt
1493 2065 1589 2130 inter·

377 2175 486 2255 protes
508 2167 552 2234 ad
574 2168 671 2255 Soph.
687 2169 736 2236 Αἰ.
756 2177 840 2235 1227
864 2177 896 2236 et
918 2171 1042 2237 Gallim.
1064 2171 1172 2258 hymn.
1186 2173 1291 2258 Apoll.
1308 2179 1358 2237 24.
1394 2164 1508 2250 χάσκει
1524 2167 1591 2251 qui-

378 2273 452 2339 dem
484 2294 547 2340 non
573 2275 676 2341 solum
706 2273 820 2342 chorus
850 2274 909 2342 sed
935 2277 1032 2360 longa
1054 2277 1197 2343 oratione
1219 2277 1252 2342 in
1274 2276 1396 2364 Lycum
1415 2273 1590 2341 invehitur:

379 2378 438 2444 sed
460 2379 603 2445 oratione
623 2379 712 2446 ouius
735 2399 859 2446 summa
882 2387 1006 2465 estpse
1027 2381 1106 2447 nihil
1126 2381 1233 2448 facere
1254 2401 1360 2467 posse.

464 2516 537 2582 Non
557 2517 660 2584 minus
682 2515 777 2586 facile
799 2518 979 2604 configitur,
1003 2518 1062 2604 sed
1083 2520 1227 2605 pluribus
1249 2518 1371 2604 indiget
1391 2523 1427 2582 ut
1450 2515 1589 2600 explice-

377 2627 428 2687 tur
448 2622 550 2707 locus,
581 2641 675 2705 quem
697 2643 718 2687 a
739 2643 791 2690 me
813 2623 977 2690 emendari
1003 2645 1106 2711 paene
1129 2623 1240 2690 doleo:
1264 2644 1328 2689 non
1350 2622 1434 2688 enim
1455 2620 1590 2696 idoneus

379 2747 449 2794 sum
486 2727 540 2810 qui
577 2747 617 2794 ea
653 2747 829 2812 persequar
866 2747 949 2811 quae
981 2729 1206 2815 persequenda
1238 2748 1309 2796 esse
1341 2725 1429 2793 haud
1461 2725 1590 2810 ignoro:
1645 2713 1649 2722 ¹

379 2829 560 2896 audendum
583 2838 690 2898 tamen
713 2836 763 2898 est
784 2832 870 2915 quod
883 2839 1049 2920 praestare
1063 2853 1246 2920 possumus,
1267 2832 1327 2900 etsi
1342 2831 1479 2900 sciamus
1494 2849 1591 2914 quam

260 2942 265 2963 l
380 2936 421 3003 sit
442 2936 533 3003 nobis
555 2943 645 3003 curta
657 2938 818 3023 supellex.

597 3054 676 3124 θεοὶ
697 3055 774 3124 θεοὶ
795 3043 859 3124 τῶν
874 3041 1001 3124 ’άδίκων
1022 3055 1155 3142 μέλουσι

599 3161 655 3229 καί
677 3167 740 3228 τῶν
762 3158 862 3229 ὁσίων
885 3157 1014 3252 ἐπᾴειν·

598 3261 615 3333 δ
636 3265 753 3354 χρυσὸς
775 3263 798 3334 δ’
818 3269 847 3332 τ’
868 3258 996 3350 εὐτυχία

492 3379 555 3439 775
600 3376 725 3460 φρενῶν
746 3371 881 3460 βροτοὺς
903 3366 1050 3458 ἐξάγεται

600 3475 732 3543 δύνασιν
754 3474 905 3566 ἐφέλκων.

595 3575 709 3670 χρόνον
731 3581 792 3669 γάρ
815 3577 903 3661 οἰίτις
924 3582 962 3651 τὸ
985 3577 1087 3650 πάλιν
1109 3581 1239 3670 εἰσορᾶν
1265 3579 1343 3649 ἔτλα

352 3683 382 3763 ἃ
598 3684 695 3771 νόμον
717 3685 900 3774 παρέμενος

599 3785 720 3880 άνομίᾳ
739 3786 830 3880 χάριν
851 3789 975 3872 διδοάς·

493 3905 555 3964 780
599 3893 742 3984 ἔθραυσε
764 3898 792 3962 δ’
814 3895 912 3981 ὄλβου
931 3895 1076 3964 κελαινὸν
1099 3893 1187 3983 άρμα

372 4018 499 4086 codicis
522 4025 554 4086 et
575 4018 812 4104 discriptionem
835 4020 962 4086 servavi
983 4026 1015 4086 et
1035 4020 1186 4086 lectiones
1208 4025 1338 4105 praeter
1358 4018 1476 4104 pusilla
1497 4037 1593 4101 quae-

381 4124 457 4190 dam
490 4130 522 4192 et
554 4123 675 4190 dudum
707 4130 794 4190 certo
825 4124 1001 4192 emendata.
1055 4130 1224 4210 praeterea
1250 4125 1433 4191 Hermanno
1464 4121 1593 4189 auctore

381 4225 493 4294 άδικον
522 4228 608 4312 quod
632 4234 706 4314 post
735 4225 863 4294 δύνασιν
884 4229 987 4296 codex
1007 4230 1141 4314 praebet
1163 4229 1269 4297 delevi
1288 4227 1490 4313 repudiatum
1512 4227 1593 4293 anti-

382 4334 521 4419 strophe.
559 4333 799 4400 Hermanniana
815 4334 900 4400 enim
922 4341 954 4401 et
969 4334 1078 4401 divina
1092 4335 1271 4402 emendatio
1284 4334 1428 4402 homines
1443 4353 1506 4399 non
1520 4353 1593 4418 prou
1652 4421 1655 4430 y

381 4445 453 4524 pter
491 4439 639 4506 iniustam
675 4439 865 4525 potentiam,
904 4438 962 4506 sed
998 4446 1129 4526 propter
1165 4441 1340 4526 potentiam
1373 4437 1593 4524 superbientes

381 4544 527 4630 Euripidi
563 4544 708 4613 restituit.
765 4550 838 4615 sunt
870 4545 966 4615 etiam
998 4565 1080 4614 nunc
1113 4565 1196 4632 quae
1228 4565 1287 4614 nec
1317 4544 1501 4631 intellegam
1532 4562 1593 4610 nec
