<?xml version="1.0" encoding="UTF-8"?>
<!DOCTYPE html PUBLIC "-//W3C//DTD XHTML 1.0 Transitional//EN"
    "http://www.w3.org/TR/xhtml1/DTD/xhtml1-transitional.dtd">
<html xmlns="http://www.w3.org/1999/xhtml" xml:lang="en" lang="en">
 <head>
  <title>
</title>
<meta http-equiv="Content-Type" content="text/html;charset=utf-8" />
  <meta name='ocr-system' content='tesseract 3.04.00' />
  <meta name='ocr-capabilities' content='ocr_page ocr_carea ocr_par ocr_line ocrx_word'/>
</head>
<body>
  <div class='ocr_page' id='page_1' title='image "./analectaevripid00moegoog_0188.png"; bbox 0 0 3666 5296; ppageno 0'>
   <div class='ocr_carea' id='block_1_1' title="bbox 839 429 1485 488">
    <p class='ocr_par' dir='ltr' id='par_1_1' title="bbox 839 429 1485 488">
     <span class='ocr_line' id='line_1_1' title="bbox 839 429 1485 488; baseline 0.003 -3"><span class='ocrx_word' id='word_1_1' title='bbox 839 429 876 484; x_wconf 90' lang='grc' dir='ltr'>Π.</span> <span class='ocrx_word' id='word_1_2' title='bbox 893 431 919 486; x_wconf 87' lang='grc'>4.</span> <span class='ocrx_word' id='word_1_3' title='bbox 1435 433 1485 488; x_wconf 77' lang='grc'>179</span> 
     </span>
    </p>
   </div>
   <div class='ocr_carea' id='block_1_2' title="bbox 206 583 1521 2666">
    <p class='ocr_par' dir='ltr' id='par_1_2' title="bbox 206 583 1521 2666">
     <span class='ocr_line' id='line_1_2' title="bbox 280 583 1485 688; baseline 0.003 -22"><span class='ocrx_word' id='word_1_4' title='bbox 280 583 397 686; x_wconf 86' lang='lat' dir='ltr'>mythis</span> <span class='ocrx_word' id='word_1_5' title='bbox 415 602 553 687; x_wconf 87' lang='lat' dir='ltr'>positum</span> <span class='ocrx_word' id='word_1_6' title='bbox 573 623 645 670; x_wconf 89' lang='lat' dir='ltr'>esse</span> <span class='ocrx_word' id='word_1_7' title='bbox 667 603 710 668; x_wconf 93' lang='lat' dir='ltr'>ad</span> <span class='ocrx_word' id='word_1_8' title='bbox 730 602 852 670; x_wconf 89' lang='lat' dir='ltr'>Atticas</span> <span class='ocrx_word' id='word_1_9' title='bbox 873 601 997 669; x_wconf 83' lang='lat' dir='ltr'>fabulas</span> <span class='ocrx_word' id='word_1_10' title='bbox 1012 622 1047 670; x_wconf 88' lang='lat' dir='ltr'>se</span> <span class='ocrx_word' id='word_1_11' title='bbox 1062 603 1228 687; x_wconf 74' lang='lat' dir='ltr'>convertit,</span> <span class='ocrx_word' id='word_1_12' title='bbox 1250 600 1366 688; x_wconf 89' lang='lat' dir='ltr'>partim</span> <span class='ocrx_word' id='word_1_13' title='bbox 1381 609 1485 670; x_wconf 90' lang='lat' dir='ltr'>autem</span> 
     </span>
     <span class='ocr_line' id='line_1_3' title="bbox 281 707 1521 792; baseline 0.003 -22"><span class='ocrx_word' id='word_1_14' title='bbox 281 725 316 770; x_wconf 88' lang='lat' dir='ltr'>se</span> <span class='ocrx_word' id='word_1_15' title='bbox 346 707 464 790; x_wconf 89' lang='lat' dir='ltr'>populo</span> <span class='ocrx_word' id='word_1_16' title='bbox 492 708 696 792; x_wconf 81' lang='lat' dir='ltr'>proposuisse</span> <span class='ocrx_word' id='word_1_17' title='bbox 724 708 822 774; x_wconf 89' lang='lat' dir='ltr'>sensit</span> <span class='ocrx_word' id='word_1_18' title='bbox 850 726 933 790; x_wconf 90' lang='lat' dir='ltr'>quae</span> <span class='ocrx_word' id='word_1_19' title='bbox 959 727 980 774; x_wconf 90' lang='lat' dir='ltr'>a</span> <span class='ocrx_word' id='word_1_20' title='bbox 1007 707 1163 774; x_wconf 89' lang='lat' dir='ltr'>sentiendi</span> <span class='ocrx_word' id='word_1_21' title='bbox 1182 713 1215 774; x_wconf 91' lang='lat' dir='ltr'>et</span> <span class='ocrx_word' id='word_1_22' title='bbox 1234 707 1394 792; x_wconf 85' lang='lat' dir='ltr'>cogitandi</span> <span class='ocrx_word' id='word_1_23' title='bbox 1415 727 1486 774; x_wconf 91' lang='lat' dir='ltr'>con-</span> <span class='ocrx_word' id='word_1_24' title='bbox 1507 745 1521 758; x_wconf 87' lang='lat'>··</span> 
     </span>
     <span class='ocr_line' id='line_1_4' title="bbox 280 809 1488 898; baseline 0.003 -24"><span class='ocrx_word' id='word_1_25' title='bbox 280 809 446 876; x_wconf 84' lang='lat' dir='ltr'>suetudine</span> <span class='ocrx_word' id='word_1_26' title='bbox 468 811 561 884; x_wconf 84' lang='lat' dir='ltr'>nimis</span> <span class='ocrx_word' id='word_1_27' title='bbox 584 811 747 877; x_wconf 87' lang='lat' dir='ltr'>distarent.</span> <span class='ocrx_word' id='word_1_28' title='bbox 790 812 904 894; x_wconf 89' lang='lat' dir='ltr'>itaque.</span> <span class='ocrx_word' id='word_1_29' title='bbox 920 811 962 878; x_wconf 92' lang='lat' dir='ltr'>ad</span> <span class='ocrx_word' id='word_1_30' title='bbox 976 810 1128 896; x_wconf 77' lang='lat' dir='ltr'>Aeschyli</span> <span class='ocrx_word' id='word_1_31' title='bbox 1148 813 1327 896; x_wconf 84' lang='lat' dir='ltr'>exemplum</span> <span class='ocrx_word' id='word_1_32' title='bbox 1348 810 1488 898; x_wconf 84' lang='lat' dir='ltr'>(videtur</span> 
     </span>
     <span class='ocr_line' id='line_1_5' title="bbox 281 913 1487 1004; baseline 0.003 -26"><span class='ocrx_word' id='word_1_33' title='bbox 281 913 363 978; x_wconf 91' lang='lat' dir='ltr'>enim</span> <span class='ocrx_word' id='word_1_34' title='bbox 385 914 568 998; x_wconf 87' lang='lat' dir='ltr'>Sophocles·</span> <span class='ocrx_word' id='word_1_35' title='bbox 588 916 629 980; x_wconf 90' lang='lat' dir='ltr'>ab</span> <span class='ocrx_word' id='word_1_36' title='bbox 658 914 718 980; x_wconf 89' lang='lat' dir='ltr'>hoc</span> <span class='ocrx_word' id='word_1_37' title='bbox 746 935 833 981; x_wconf 91' lang='lat' dir='ltr'>more</span> <span class='ocrx_word' id='word_1_38' title='bbox 856 935 983 1000; x_wconf 85' lang='lat' dir='ltr'>semper</span> <span class='ocrx_word' id='word_1_39' title='bbox 1004 915 1207 1004; x_wconf 86' lang='lat' dir='ltr'>abstinuisse)</span> <span class='ocrx_word' id='word_1_40' title='bbox 1229 917 1343 982; x_wconf 89' lang='lat' dir='ltr'>civium</span> <span class='ocrx_word' id='word_1_41' title='bbox 1365 917 1487 982; x_wconf 88' lang='lat' dir='ltr'>animos</span> 
     </span>
     <span class='ocr_line' id='line_1_6' title="bbox 281 1017 1487 1105; baseline 0.003 -23"><span class='ocrx_word' id='word_1_42' title='bbox 281 1036 466 1100; x_wconf 87' lang='lat' dir='ltr'>permovere</span> <span class='ocrx_word' id='word_1_43' title='bbox 494 1017 615 1086; x_wconf 85' lang='lat' dir='ltr'>studuit</span> <span class='ocrx_word' id='word_1_44' title='bbox 640 1018 755 1086; x_wconf 84' lang='lat' dir='ltr'>sabulis</span> <span class='ocrx_word' id='word_1_45' title='bbox 781 1020 828 1084; x_wconf 89' lang='lat' dir='ltr'>ita</span> <span class='ocrx_word' id='word_1_46' title='bbox 855 1018 1018 1104; x_wconf 88' lang='lat' dir='ltr'>dispositis</span> <span class='ocrx_word' id='word_1_47' title='bbox 1039 1025 1075 1084; x_wconf 94' lang='grc' dir='ltr'>ιιι</span> <span class='ocrx_word' id='word_1_48' title='bbox 1096 1039 1148 1086; x_wconf 90' lang='lat' dir='ltr'>res</span> <span class='ocrx_word' id='word_1_49' title='bbox 1169 1020 1297 1105; x_wconf 90' lang='lat' dir='ltr'>publica</span> <span class='ocrx_word' id='word_1_50' title='bbox 1317 1019 1487 1086; x_wconf 88' lang='lat' dir='ltr'>Athenien-</span> 
     </span>
     <span class='ocr_line' id='line_1_7' title="bbox 281 1120 1488 1209; baseline 0.005 -25"><span class='ocrx_word' id='word_1_51' title='bbox 281 1120 362 1186; x_wconf 88' lang='lat' dir='ltr'>sium</span> <span class='ocrx_word' id='word_1_52' title='bbox 391 1122 444 1204; x_wconf 87' lang='lat' dir='ltr'>agi</span> <span class='ocrx_word' id='word_1_53' title='bbox 469 1122 631 1189; x_wconf 87' lang='lat' dir='ltr'>videretur</span> <span class='ocrx_word' id='word_1_54' title='bbox 662 1123 855 1206; x_wconf 85' lang='lat' dir='ltr'>consiliaque</span> <span class='ocrx_word' id='word_1_55' title='bbox 885 1122 955 1190; x_wconf 89' lang='lat' dir='ltr'>dari</span> <span class='ocrx_word' id='word_1_56' title='bbox 981 1124 1143 1209; x_wconf 80' lang='lat' dir='ltr'>praesenti</span> <span class='ocrx_word' id='word_1_57' title='bbox 1170 1143 1276 1190; x_wconf 88' lang='lat' dir='ltr'>rernm</span> <span class='ocrx_word' id='word_1_58' title='bbox 1298 1125 1394 1190; x_wconf 78' lang='grc' dir='ltr'>ιιιιιιί</span> <span class='ocrx_word' id='word_1_59' title='bbox 1416 1144 1488 1190; x_wconf 90' lang='lat' dir='ltr'>con-</span> 
     </span>
     <span class='ocr_line' id='line_1_8' title="bbox 280 1225 1487 1312; baseline 0.002 -22"><span class='ocrx_word' id='word_1_60' title='bbox 280 1225 446 1291; x_wconf 91' lang='lat' dir='ltr'>venientia.</span> <span class='ocrx_word' id='word_1_61' title='bbox 491 1245 593 1312; x_wconf 91' lang='lat' dir='ltr'>neque</span> <span class='ocrx_word' id='word_1_62' title='bbox 623 1247 770 1294; x_wconf 89' lang='lat' dir='ltr'>successu</span> <span class='ocrx_word' id='word_1_63' title='bbox 793 1228 909 1312; x_wconf 90' lang='lat' dir='ltr'>caruit,</span> <span class='ocrx_word' id='word_1_64' title='bbox 934 1247 997 1294; x_wconf 94' lang='lat' dir='ltr'>non</span> <span class='ocrx_word' id='word_1_65' title='bbox 1024 1228 1107 1294; x_wconf 93' lang='lat' dir='ltr'>enim</span> <span class='ocrx_word' id='word_1_66' title='bbox 1136 1228 1237 1294; x_wconf 90' lang='lat' dir='ltr'>solnm</span> <span class='ocrx_word' id='word_1_67' title='bbox 1259 1234 1322 1292; x_wconf 79' lang='lat'>428</span> <span class='ocrx_word' id='word_1_68' title='bbox 1345 1229 1487 1312; x_wconf 90' lang='lat' dir='ltr'>praemio</span> 
     </span>
     <span class='ocr_line' id='line_1_9' title="bbox 281 1318 1513 1460; baseline 0.002 -67"><span class='ocrx_word' id='word_1_69' title='bbox 281 1334 410 1394; x_wconf 89' lang='lat' dir='ltr'>ornatus</span> <span class='ocrx_word' id='word_1_70' title='bbox 432 1335 494 1414; x_wconf 91' lang='lat' dir='ltr'>est,</span> <span class='ocrx_word' id='word_1_71' title='bbox 517 1330 591 1415; x_wconf 87' lang='lat' dir='ltr'>sed,</span> <span class='ocrx_word' id='word_1_72' title='bbox 614 1331 700 1413; x_wconf 92' lang='lat' dir='ltr'>quod</span> <span class='ocrx_word' id='word_1_73' title='bbox 721 1332 819 1396; x_wconf 91' lang='lat' dir='ltr'>multo</span> <span class='ocrx_word' id='word_1_74' title='bbox 841 1331 943 1416; x_wconf 87' lang='lat' dir='ltr'>pluris</span> <span class='ocrx_word' id='word_1_75' title='bbox 964 1330 1196 1398; x_wconf 88' lang='lat' dir='ltr'>aestimandum</span> <span class='ocrx_word' id='word_1_76' title='bbox 1216 1338 1281 1416; x_wconf 86' lang='lat' dir='ltr'>est,</span> <span class='ocrx_word' id='word_1_77' title='bbox 1303 1318 1513 1460; x_wconf 53' lang='lat' dir='ltr'>Aesepia-l,</span> 
     </span>
     <span class='ocr_line' id='line_1_10' title="bbox 280 1433 1511 1521; baseline 0.002 -24"><span class='ocrx_word' id='word_1_78' title='bbox 280 1452 338 1498; x_wconf 90' lang='lat' dir='ltr'>nes</span> <span class='ocrx_word' id='word_1_79' title='bbox 373 1433 466 1500; x_wconf 91' lang='lat' dir='ltr'>huius</span> <span class='ocrx_word' id='word_1_80' title='bbox 503 1435 616 1500; x_wconf 88' lang='lat' dir='ltr'>aetatis</span> <span class='ocrx_word' id='word_1_81' title='bbox 648 1433 764 1501; x_wconf 81' lang='lat' dir='ltr'>fabulis</span> <span class='ocrx_word' id='word_1_82' title='bbox 793 1437 944 1520; x_wconf 90' lang='lat' dir='ltr'>pepercit.</span> <span class='ocrx_word' id='word_1_83' title='bbox 1000 1435 1127 1520; x_wconf 81' lang='lat' dir='ltr'>scripsit</span> <span class='ocrx_word' id='word_1_84' title='bbox 1162 1442 1273 1502; x_wconf 89' lang='lat' dir='ltr'>contra</span> <span class='ocrx_word' id='word_1_85' title='bbox 1304 1435 1511 1521; x_wconf 85' lang='lat' dir='ltr'>Euripidem</span> 
     </span>
     <span class='ocr_line' id='line_1_11' title="bbox 281 1537 1488 1624; baseline 0.007 -26"><span class='ocrx_word' id='word_1_86' title='bbox 281 1542 355 1602; x_wconf 80' lang='lat'>426.</span> <span class='ocrx_word' id='word_1_87' title='bbox 378 1542 396 1601; x_wconf 81' lang='lat'>5</span> <span class='ocrx_word' id='word_1_88' title='bbox 420 1537 613 1606; x_wconf 82' lang='lat' dir='ltr'>Centaurum</span> <span class='ocrx_word' id='word_1_89' title='bbox 642 1545 675 1606; x_wconf 90' lang='lat' dir='ltr'>et</span> <span class='ocrx_word' id='word_1_90' title='bbox 695 1539 933 1624; x_wconf 90' lang='lat' dir='ltr'>Achamenses‚</span> <span class='ocrx_word' id='word_1_91' title='bbox 961 1545 1034 1624; x_wconf 92' lang='lat' dir='ltr'>post</span> <span class='ocrx_word' id='word_1_92' title='bbox 1055 1545 1118 1605; x_wconf 81' lang='lat'>415</span> <span class='ocrx_word' id='word_1_93' title='bbox 1143 1539 1488 1624; x_wconf 81' lang='lat' dir='ltr'>Thesmophorianusas</span> 
     </span>
     <span class='ocr_line' id='line_1_12' title="bbox 280 1629 1489 1728; baseline 0.002 -23"><span class='ocrx_word' id='word_1_94' title='bbox 280 1639 471 1708; x_wconf 83' lang='lat' dir='ltr'>Phoenissae</span> <span class='ocrx_word' id='word_1_95' title='bbox 493 1642 662 1728; x_wconf 91' lang='lat' dir='ltr'>Polyidum</span> <span class='ocrx_word' id='word_1_96' title='bbox 689 1643 810 1710; x_wconf 88' lang='lat' dir='ltr'>Ranas:</span> <span class='ocrx_word' id='word_1_97' title='bbox 844 1650 986 1728; x_wconf 83' lang='lat' dir='ltr'>tempore</span> <span class='ocrx_word' id='word_1_98' title='bbox 1016 1629 1103 1727; x_wconf 85' lang='lat' dir='ltr'>&#39;qnod</span> <span class='ocrx_word' id='word_1_99' title='bbox 1135 1645 1218 1710; x_wconf 81' lang='lat' dir='ltr'>inter</span> <span class='ocrx_word' id='word_1_100' title='bbox 1250 1644 1309 1711; x_wconf 87' lang='lat' dir='ltr'>hos</span> <span class='ocrx_word' id='word_1_101' title='bbox 1338 1645 1489 1710; x_wconf 90' lang='lat' dir='ltr'>terminos</span> 
     </span>
     <span class='ocr_line' id='line_1_13' title="bbox 280 1744 1490 1832; baseline 0.003 -24"><span class='ocrx_word' id='word_1_102' title='bbox 280 1744 363 1812; x_wconf 92' lang='lat' dir='ltr'>iacet</span> <span class='ocrx_word' id='word_1_103' title='bbox 392 1753 501 1812; x_wconf 90' lang='lat' dir='ltr'>contra</span> <span class='ocrx_word' id='word_1_104' title='bbox 526 1746 711 1831; x_wconf 83' lang='lat' dir='ltr'>Euripidem</span> <span class='ocrx_word' id='word_1_105' title='bbox 740 1747 816 1812; x_wconf 83' lang='lat' dir='ltr'>data</span> <span class='ocrx_word' id='word_1_106' title='bbox 841 1768 941 1832; x_wconf 90' lang='lat' dir='ltr'>opera</span> <span class='ocrx_word' id='word_1_107' title='bbox 961 1748 1127 1832; x_wconf 78' lang='lat' dir='ltr'>scripsisse</span> <span class='ocrx_word' id='word_1_108' title='bbox 1148 1748 1277 1832; x_wconf 91' lang='lat' dir='ltr'>probari</span> <span class='ocrx_word' id='word_1_109' title='bbox 1295 1749 1413 1832; x_wconf 88' lang='lat' dir='ltr'>nequit</span> <span class='ocrx_word' id='word_1_110' title='bbox 1457 1753 1490 1813; x_wconf 89' lang='lat' dir='ltr'>et</span> 
     </span>
     <span class='ocr_line' id='line_1_14' title="bbox 281 1847 1489 1936; baseline 0.002 -23"><span class='ocrx_word' id='word_1_111' title='bbox 281 1847 355 1914; x_wconf 92' lang='lat' dir='ltr'>vide</span> <span class='ocrx_word' id='word_1_112' title='bbox 392 1869 488 1932; x_wconf 89' lang='lat' dir='ltr'>quam</span> <span class='ocrx_word' id='word_1_113' title='bbox 519 1850 634 1918; x_wconf 87' lang='lat' dir='ltr'>infesto</span> <span class='ocrx_word' id='word_1_114' title='bbox 669 1851 742 1917; x_wconf 90' lang='lat' dir='ltr'>odio</span> <span class='ocrx_word' id='word_1_115' title='bbox 776 1851 954 1936; x_wconf 84' lang='lat' dir='ltr'>Telephum</span> <span class='ocrx_word' id='word_1_116' title='bbox 986 1851 1179 1918; x_wconf 90' lang='lat' dir='ltr'>Alcestidem</span> <span class='ocrx_word' id='word_1_117' title='bbox 1212 1851 1489 1936; x_wconf 86' lang='lat' dir='ltr'>Bellerophontem</span> 
     </span>
     <span class='ocr_line' id='line_1_15' title="bbox 282 1951 1490 2041; baseline 0.005 -25"><span class='ocrx_word' id='word_1_118' title='bbox 282 1951 515 2020; x_wconf 88' lang='lat' dir='ltr'>Stheneboeam</span> <span class='ocrx_word' id='word_1_119' title='bbox 534 1956 744 2040; x_wconf 88' lang='lat' dir='ltr'>persequatur</span> <span class='ocrx_word' id='word_1_120' title='bbox 750 2006 759 2041; x_wconf 90' lang='lat'>,</span> <span class='ocrx_word' id='word_1_121' title='bbox 782 1975 877 2039; x_wconf 89' lang='lat' dir='ltr'>quam</span> <span class='ocrx_word' id='word_1_122' title='bbox 900 1955 1070 2022; x_wconf 90' lang='lat' dir='ltr'>crudeliter</span> <span class='ocrx_word' id='word_1_123' title='bbox 1084 1955 1320 2022; x_wconf 84' lang='lat' dir='ltr'>Andromedam</span> <span class='ocrx_word' id='word_1_124' title='bbox 1335 1955 1490 2022; x_wconf 87' lang='lat' dir='ltr'>Helenam</span> 
     </span>
     <span class='ocr_line' id='line_1_16' title="bbox 282 2056 1490 2145; baseline 0.003 -23"><span class='ocrx_word' id='word_1_125' title='bbox 282 2056 473 2126; x_wconf 89' lang='lat' dir='ltr'>Phoenissas</span> <span class='ocrx_word' id='word_1_126' title='bbox 501 2059 684 2125; x_wconf 80' lang='lat' dir='ltr'>laceret-</span> <span class='ocrx_word' id='word_1_127' title='bbox 707 2060 876 2128; x_wconf 85' lang='lat' dir='ltr'>Herculem</span> <span class='ocrx_word' id='word_1_128' title='bbox 905 2060 1093 2127; x_wconf 87' lang='lat' dir='ltr'>Heraclidas</span> <span class='ocrx_word' id='word_1_129' title='bbox 1124 2059 1353 2145; x_wconf 82' lang='lat' dir='ltr'>Cresphontem</span> <span class='ocrx_word' id='word_1_130' title='bbox 1374 2059 1490 2126; x_wconf 88' lang='lat' dir='ltr'>Erech-</span> 
     </span>
     <span class='ocr_line' id='line_1_17' title="bbox 282 2161 1491 2249; baseline 0.003 -23"><span class='ocrx_word' id='word_1_131' title='bbox 282 2161 389 2228; x_wconf 91' lang='lat' dir='ltr'>theum</span> <span class='ocrx_word' id='word_1_132' title='bbox 412 2162 580 2249; x_wconf 87' lang='lat' dir='ltr'>Supplices</span> <span class='ocrx_word' id='word_1_133' title='bbox 601 2165 711 2231; x_wconf 92' lang='lat' dir='ltr'>Ionem</span> <span class='ocrx_word' id='word_1_134' title='bbox 742 2165 800 2230; x_wconf 86' lang='lat' dir='ltr'>vix</span> <span class='ocrx_word' id='word_1_135' title='bbox 826 2165 927 2232; x_wconf 90' lang='lat' dir='ltr'>semel</span> <span class='ocrx_word' id='word_1_136' title='bbox 948 2166 1038 2234; x_wconf 88' lang='lat' dir='ltr'>bisve</span> <span class='ocrx_word' id='word_1_137' title='bbox 1059 2184 1163 2247; x_wconf 89' lang='lat' dir='ltr'>neque</span> <span class='ocrx_word' id='word_1_138' title='bbox 1186 2185 1312 2249; x_wconf 89' lang='lat' dir='ltr'>semper</span> <span class='ocrx_word' id='word_1_139' title='bbox 1332 2163 1491 2230; x_wconf 89' lang='lat' dir='ltr'>inridendi</span> 
     </span>
     <span class='ocr_line' id='line_1_18' title="bbox 206 2267 1490 2352; baseline 0.003 -22"><span class='ocrx_word' id='word_1_140' title='bbox 206 2325 209 2330; x_wconf 90' lang='lat'>.</span> <span class='ocrx_word' id='word_1_141' title='bbox 283 2285 380 2334; x_wconf 89' lang='lat' dir='ltr'>causa</span> <span class='ocrx_word' id='word_1_142' title='bbox 401 2269 538 2352; x_wconf 90' lang='lat' dir='ltr'>respicit.</span> <span class='ocrx_word' id='word_1_143' title='bbox 581 2289 657 2334; x_wconf 89' lang='lat' dir='ltr'>num</span> <span class='ocrx_word' id='word_1_144' title='bbox 679 2269 739 2334; x_wconf 92' lang='lat' dir='ltr'>hoc</span> <span class='ocrx_word' id='word_1_145' title='bbox 759 2269 847 2336; x_wconf 90' lang='lat' dir='ltr'>casui</span> <span class='ocrx_word' id='word_1_146' title='bbox 861 2268 1084 2334; x_wconf 80' lang='lat' dir='ltr'>tribuendum?</span> <span class='ocrx_word' id='word_1_147' title='bbox 1117 2269 1323 2336; x_wconf 85' lang='lat' dir='ltr'>laetissimum</span> <span class='ocrx_word' id='word_1_148' title='bbox 1338 2267 1399 2334; x_wconf 93' lang='lat' dir='ltr'>hoc</span> <span class='ocrx_word' id='word_1_149' title='bbox 1413 2275 1490 2336; x_wconf 84' lang='lat' dir='ltr'>tem-</span> 
     </span>
     <span class='ocr_line' id='line_1_19' title="bbox 283 2371 1491 2456; baseline 0.002 -20"><span class='ocrx_word' id='word_1_150' title='bbox 283 2390 343 2454; x_wconf 90' lang='lat' dir='ltr'>pus</span> <span class='ocrx_word' id='word_1_151' title='bbox 374 2371 518 2456; x_wconf 85' lang='lat' dir='ltr'>Euripidi</span> <span class='ocrx_word' id='word_1_152' title='bbox 551 2372 610 2438; x_wconf 84' lang='lat' dir='ltr'>suit</span> <span class='ocrx_word' id='word_1_153' title='bbox 645 2392 749 2456; x_wconf 90' lang='lat' dir='ltr'>neque</span> <span class='ocrx_word' id='word_1_154' title='bbox 778 2371 812 2437; x_wconf 93' lang='lat' dir='ltr'>id</span> <span class='ocrx_word' id='word_1_155' title='bbox 841 2372 978 2455; x_wconf 88' lang='lat' dir='ltr'>reticuit;</span> <span class='ocrx_word' id='word_1_156' title='bbox 1015 2393 1089 2438; x_wconf 91' lang='lat' dir='ltr'>nam</span> <span class='ocrx_word' id='word_1_157' title='bbox 1116 2372 1262 2440; x_wconf 88' lang='lat' dir='ltr'>Herculis</span> <span class='ocrx_word' id='word_1_158' title='bbox 1290 2373 1394 2438; x_wconf 87' lang='lat' dir='ltr'>locum</span> <span class='ocrx_word' id='word_1_159' title='bbox 1426 2373 1491 2438; x_wconf 89' lang='lat' dir='ltr'>iam</span> 
     </span>
     <span class='ocr_line' id='line_1_20' title="bbox 283 2474 1490 2561; baseline 0 -21"><span class='ocrx_word' id='word_1_160' title='bbox 283 2474 435 2560; x_wconf 91' lang='lat' dir='ltr'>vidimus,</span> <span class='ocrx_word' id='word_1_161' title='bbox 476 2483 509 2542; x_wconf 90' lang='lat' dir='ltr'>et</span> <span class='ocrx_word' id='word_1_162' title='bbox 541 2476 654 2542; x_wconf 91' lang='lat' dir='ltr'>eodem</span> <span class='ocrx_word' id='word_1_163' title='bbox 687 2475 898 2542; x_wconf 90' lang='lat' dir='ltr'>revocandum</span> <span class='ocrx_word' id='word_1_164' title='bbox 931 2481 981 2544; x_wconf 90' lang='lat' dir='ltr'>est</span> <span class='ocrx_word' id='word_1_165' title='bbox 1010 2477 1095 2558; x_wconf 92' lang='lat' dir='ltr'>quod</span> <span class='ocrx_word' id='word_1_166' title='bbox 1123 2477 1156 2542; x_wconf 92' lang='lat' dir='ltr'>in</span> <span class='ocrx_word' id='word_1_167' title='bbox 1189 2475 1391 2561; x_wconf 87' lang='lat' dir='ltr'>Supplicibus</span> <span class='ocrx_word' id='word_1_168' title='bbox 1427 2483 1490 2542; x_wconf 82' lang='lat'>180</span> 
     </span>
     <span class='ocr_line' id='line_1_21' title="bbox 282 2577 1491 2666; baseline 0.003 -24"><span class='ocrx_word' id='word_1_169' title='bbox 282 2577 439 2648; x_wconf 87' lang='lat' dir='ltr'>Adrastus</span> <span class='ocrx_word' id='word_1_170' title='bbox 462 2579 538 2646; x_wconf 89' lang='lat' dir='ltr'>dicit</span> <span class='ocrx_word' id='word_1_171' title='bbox 559 2587 673 2665; x_wconf 90' lang='lat' dir='ltr'>poetae</span> <span class='ocrx_word' id='word_1_172' title='bbox 696 2600 820 2664; x_wconf 92' lang='lat' dir='ltr'>quoque</span> <span class='ocrx_word' id='word_1_173' title='bbox 839 2599 920 2665; x_wconf 92' lang='lat' dir='ltr'>opus</span> <span class='ocrx_word' id='word_1_174' title='bbox 944 2599 1015 2647; x_wconf 90' lang='lat' dir='ltr'>esse</span> <span class='ocrx_word' id='word_1_175' title='bbox 1037 2581 1134 2648; x_wconf 88' lang='lat' dir='ltr'>animi</span> <span class='ocrx_word' id='word_1_176' title='bbox 1148 2580 1388 2666; x_wconf 87' lang='lat' dir='ltr'>tranquillitate,</span> <span class='ocrx_word' id='word_1_177' title='bbox 1411 2599 1491 2666; x_wconf 89' lang='lat' dir='ltr'>opus</span> 
     </span>
    </p>
   </div>
   <div class='ocr_carea' id='block_1_3' title="bbox 254 2684 1491 3394">
    <p class='ocr_par' dir='ltr' id='par_1_3' title="bbox 254 2684 1491 3394">
     <span class='ocr_line' id='line_1_22' title="bbox 284 2684 1491 2778; baseline 0.001 -29"><span class='ocrx_word' id='word_1_178' title='bbox 284 2704 354 2750; x_wconf 88' lang='lat' dir='ltr'>esse</span> <span class='ocrx_word' id='word_1_179' title='bbox 376 2690 411 2778; x_wconf 88' lang='lat' dir='ltr'>ut</span> <span class='ocrx_word' id='word_1_180' title='bbox 432 2705 532 2770; x_wconf 87' lang='lat' dir='ltr'>opera</span> <span class='ocrx_word' id='word_1_181' title='bbox 553 2705 612 2752; x_wconf 91' lang='lat' dir='ltr'>sua</span> <span class='ocrx_word' id='word_1_182' title='bbox 632 2686 775 2752; x_wconf 86' lang='lat' dir='ltr'>laetetur.</span> <span class='ocrx_word' id='word_1_183' title='bbox 813 2685 993 2752; x_wconf 87' lang='lat' dir='ltr'>etiamnunc</span> <span class='ocrx_word' id='word_1_184' title='bbox 1010 2685 1161 2768; x_wconf 81' lang='lat' dir='ltr'>egregiae</span> <span class='ocrx_word' id='word_1_185' title='bbox 1179 2684 1365 2769; x_wconf 81' lang='lat' dir='ltr'>tragoediae</span> <span class='ocrx_word' id='word_1_186' title='bbox 1381 2705 1491 2769; x_wconf 80' lang='lat' dir='ltr'>ruper-</span> 
     </span>
     <span class='ocr_line' id='line_1_23' title="bbox 283 2788 1491 2874; baseline 0 -20"><span class='ocrx_word' id='word_1_187' title='bbox 283 2795 372 2874; x_wconf 90' lang='lat' dir='ltr'>sunt‚</span> <span class='ocrx_word' id='word_1_188' title='bbox 400 2790 557 2856; x_wconf 87' lang='lat' dir='ltr'>verissimi</span> <span class='ocrx_word' id='word_1_189' title='bbox 590 2789 666 2854; x_wconf 90' lang='lat' dir='ltr'>dicti</span> <span class='ocrx_word' id='word_1_190' title='bbox 691 2789 886 2856; x_wconf 89' lang='lat' dir='ltr'>testimonia:</span> <span class='ocrx_word' id='word_1_191' title='bbox 923 2789 1101 2856; x_wconf 86' lang='lat' dir='ltr'>laetabatur</span> <span class='ocrx_word' id='word_1_192' title='bbox 1122 2788 1291 2874; x_wconf 88' lang='lat' dir='ltr'>Euripides</span> <span class='ocrx_word' id='word_1_193' title='bbox 1318 2788 1491 2873; x_wconf 83' lang='lat' dir='ltr'>tragoediis</span> 
     </span>
     <span class='ocr_line' id='line_1_24' title="bbox 285 2892 1491 2978; baseline 0 -20"><span class='ocrx_word' id='word_1_194' title='bbox 285 2893 359 2958; x_wconf 88' lang='lat' dir='ltr'>suis.</span> <span class='ocrx_word' id='word_1_195' title='bbox 403 2913 459 2958; x_wconf 89' lang='lat' dir='ltr'>cur</span> <span class='ocrx_word' id='word_1_196' title='bbox 487 2913 563 2959; x_wconf 90' lang='lat' dir='ltr'>vero</span> <span class='ocrx_word' id='word_1_197' title='bbox 585 2892 713 2958; x_wconf 90' lang='lat' dir='ltr'>tandem</span> <span class='ocrx_word' id='word_1_198' title='bbox 736 2894 838 2960; x_wconf 91' lang='lat' dir='ltr'>subito</span> <span class='ocrx_word' id='word_1_199' title='bbox 860 2894 1032 2960; x_wconf 88' lang='lat' dir='ltr'>inmutatus</span> <span class='ocrx_word' id='word_1_200' title='bbox 1054 2893 1124 2960; x_wconf 81' lang='lat' dir='ltr'>est?</span> <span class='ocrx_word' id='word_1_201' title='bbox 1168 2892 1277 2976; x_wconf 90' lang='lat' dir='ltr'>quidni</span> <span class='ocrx_word' id='word_1_202' title='bbox 1298 2894 1438 2978; x_wconf 85' lang='lat' dir='ltr'>perrexit</span> <span class='ocrx_word' id='word_1_203' title='bbox 1458 2893 1491 2958; x_wconf 97' lang='lat' dir='ltr'>in</span> 
     </span>
     <span class='ocr_line' id='line_1_25' title="bbox 254 2997 1490 3082; baseline -0.001 -20"><span class='ocrx_word' id='word_1_204' title='bbox 254 3011 257 3018; x_wconf 86' lang='grc'><strong>’</strong></span> <span class='ocrx_word' id='word_1_205' title='bbox 283 2997 337 3062; x_wconf 85' lang='lat' dir='ltr'>via</span> <span class='ocrx_word' id='word_1_206' title='bbox 368 2997 506 3062; x_wconf 91' lang='lat' dir='ltr'>iucunda</span> <span class='ocrx_word' id='word_1_207' title='bbox 527 3004 560 3064; x_wconf 88' lang='lat' dir='ltr'>et</span> <span class='ocrx_word' id='word_1_208' title='bbox 585 2998 695 3064; x_wconf 84' lang='lat' dir='ltr'>facili?</span> <span class='ocrx_word' id='word_1_209' title='bbox 738 2998 824 3063; x_wconf 89' lang='lat' dir='ltr'>hand</span> <span class='ocrx_word' id='word_1_210' title='bbox 853 2997 963 3081; x_wconf 90' lang='lat' dir='ltr'>ignoro</span> <span class='ocrx_word' id='word_1_211' title='bbox 996 3017 1182 3082; x_wconf 91' lang='lat' dir='ltr'>responsum</span> <span class='ocrx_word' id='word_1_212' title='bbox 1208 3017 1271 3063; x_wconf 93' lang='lat' dir='ltr'>non</span> <span class='ocrx_word' id='word_1_213' title='bbox 1293 3017 1365 3064; x_wconf 93' lang='lat' dir='ltr'>esse</span> <span class='ocrx_word' id='word_1_214' title='bbox 1386 2997 1490 3081; x_wconf 83' lang='lat' dir='ltr'>facile,</span> 
     </span>
     <span class='ocr_line' id='line_1_26' title="bbox 284 3100 1488 3187; baseline -0.001 -21"><span class='ocrx_word' id='word_1_215' title='bbox 284 3120 386 3184; x_wconf 91' lang='lat' dir='ltr'>neque</span> <span class='ocrx_word' id='word_1_216' title='bbox 410 3101 546 3168; x_wconf 83' lang='lat' dir='ltr'>fortasse</span> <span class='ocrx_word' id='word_1_217' title='bbox 575 3102 729 3186; x_wconf 91' lang='lat' dir='ltr'>postulari</span> <span class='ocrx_word' id='word_1_218' title='bbox 757 3121 860 3186; x_wconf 91' lang='lat' dir='ltr'>posse.</span> <span class='ocrx_word' id='word_1_219' title='bbox 911 3102 939 3168; x_wconf 89' lang='lat' dir='ltr'>si</span> <span class='ocrx_word' id='word_1_220' title='bbox 965 3108 1072 3168; x_wconf 89' lang='lat' dir='ltr'>tamen</span> <span class='ocrx_word' id='word_1_221' title='bbox 1094 3108 1278 3187; x_wconf 87' lang='lat' dir='ltr'>reputamus</span> <span class='ocrx_word' id='word_1_222' title='bbox 1304 3100 1488 3186; x_wconf 88' lang='lat' dir='ltr'>Euripidem</span> 
     </span>
     <span class='ocr_line' id='line_1_27' title="bbox 284 3203 1487 3290; baseline -0.002 -19"><span class='ocrx_word' id='word_1_223' title='bbox 284 3225 342 3290; x_wconf 91' lang='lat' dir='ltr'>per</span> <span class='ocrx_word' id='word_1_224' title='bbox 368 3204 550 3290; x_wconf 84' lang='lat' dir='ltr'>tragoedias</span> <span class='ocrx_word' id='word_1_225' title='bbox 573 3225 648 3272; x_wconf 87' lang='lat' dir='ltr'>suas</span> <span class='ocrx_word' id='word_1_226' title='bbox 671 3205 810 3272; x_wconf 88' lang='lat' dir='ltr'>suasisse</span> <span class='ocrx_word' id='word_1_227' title='bbox 828 3205 1004 3272; x_wconf 88' lang='lat' dir='ltr'>Alcibiadis</span> <span class='ocrx_word' id='word_1_228' title='bbox 1025 3206 1172 3290; x_wconf 87' lang='lat' dir='ltr'>consilia,</span> <span class='ocrx_word' id='word_1_229' title='bbox 1201 3206 1229 3272; x_wconf 91' lang='lat' dir='ltr'>si</span> <span class='ocrx_word' id='word_1_230' title='bbox 1251 3212 1435 3290; x_wconf 90' lang='lat' dir='ltr'>reputamus</span> <span class='ocrx_word' id='word_1_231' title='bbox 1453 3203 1487 3268; x_wconf 93' lang='lat' dir='ltr'>id</span> 
     </span>
     <span class='ocr_line' id='line_1_28' title="bbox 284 3308 1490 3394; baseline 0 -20"><span class='ocrx_word' id='word_1_232' title='bbox 284 3309 482 3394; x_wconf 91' lang='lat' dir='ltr'>potissimum</span> <span class='ocrx_word' id='word_1_233' title='bbox 514 3309 602 3376; x_wconf 89' lang='lat' dir='ltr'>cordi</span> <span class='ocrx_word' id='word_1_234' title='bbox 636 3310 667 3376; x_wconf 93' lang='lat' dir='ltr'>ei</span> <span class='ocrx_word' id='word_1_235' title='bbox 685 3330 756 3376; x_wconf 89' lang='lat' dir='ltr'>esse</span> <span class='ocrx_word' id='word_1_236' title='bbox 787 3317 822 3375; x_wconf 92' lang='lat' dir='ltr'>ut</span> <span class='ocrx_word' id='word_1_237' title='bbox 844 3309 876 3374; x_wconf 93' lang='lat' dir='ltr'>in</span> <span class='ocrx_word' id='word_1_238' title='bbox 898 3310 1026 3393; x_wconf 87' lang='lat' dir='ltr'>Argivis</span> <span class='ocrx_word' id='word_1_239' title='bbox 1049 3309 1156 3376; x_wconf 91' lang='lat' dir='ltr'>odium</span> <span class='ocrx_word' id='word_1_240' title='bbox 1184 3314 1294 3375; x_wconf 89' lang='lat' dir='ltr'>contra</span> <span class='ocrx_word' id='word_1_241' title='bbox 1315 3308 1490 3394; x_wconf 86' lang='lat' dir='ltr'>Spartanos</span> 
     </span>
    </p>
   </div>
   <div class='ocr_carea' id='block_1_4' title="bbox 284 3412 1598 4726">
    <p class='ocr_par' dir='ltr' id='par_1_4' title="bbox 284 3412 1557 4542">
     <span class='ocr_line' id='line_1_29' title="bbox 284 3412 1491 3500; baseline -0.002 -20"><span class='ocrx_word' id='word_1_242' title='bbox 284 3413 484 3500; x_wconf 87' lang='lat' dir='ltr'>accenderet,</span> <span class='ocrx_word' id='word_1_243' title='bbox 507 3434 569 3496; x_wconf 93' lang='lat' dir='ltr'>quc</span> <span class='ocrx_word' id='word_1_244' title='bbox 590 3414 633 3480; x_wconf 88' lang='lat' dir='ltr'>ad</span> <span class='ocrx_word' id='word_1_245' title='bbox 654 3413 767 3480; x_wconf 89' lang='lat' dir='ltr'>foedus</span> <span class='ocrx_word' id='word_1_246' title='bbox 781 3414 974 3480; x_wconf 89' lang='lat' dir='ltr'>Atheniense</span> <span class='ocrx_word' id='word_1_247' title='bbox 997 3412 1242 3498; x_wconf 89' lang='lat' dir='ltr'>adducerentur,</span> <span class='ocrx_word' id='word_1_248' title='bbox 1266 3414 1294 3480; x_wconf 89' lang='lat' dir='ltr'>si</span> <span class='ocrx_word' id='word_1_249' title='bbox 1309 3420 1491 3498; x_wconf 88' lang='lat' dir='ltr'>reputamus</span> 
     </span>
     <span class='ocr_line' id='line_1_30' title="bbox 284 3517 1490 3604; baseline 0 -21"><span class='ocrx_word' id='word_1_250' title='bbox 284 3518 468 3604; x_wconf 90' lang='lat' dir='ltr'>Euripidem</span> <span class='ocrx_word' id='word_1_251' title='bbox 490 3518 654 3584; x_wconf 89' lang='lat' dir='ltr'>Alcibiade</span> <span class='ocrx_word' id='word_1_252' title='bbox 678 3519 875 3584; x_wconf 88' lang='lat' dir='ltr'>familiariter</span> <span class='ocrx_word' id='word_1_253' title='bbox 897 3538 989 3584; x_wconf 91' lang='lat' dir='ltr'>usum</span> <span class='ocrx_word' id='word_1_254' title='bbox 1011 3538 1098 3602; x_wconf 91' lang='lat' dir='ltr'>esse,</span> <span class='ocrx_word' id='word_1_255' title='bbox 1128 3517 1395 3602; x_wconf 87' lang='lat' dir='ltr'>sapientissimum</span> <span class='ocrx_word' id='word_1_256' title='bbox 1417 3537 1490 3602; x_wconf 90' lang='lat' dir='ltr'>poc-</span> 
     </span>
     <span class='ocr_line' id='line_1_31' title="bbox 284 3621 1492 3710; baseline -0.002 -22"><span class='ocrx_word' id='word_1_257' title='bbox 284 3629 349 3688; x_wconf 92' lang='lat' dir='ltr'>tam</span> <span class='ocrx_word' id='word_1_258' title='bbox 379 3624 489 3690; x_wconf 88' lang='lat' dir='ltr'>salutis</span> <span class='ocrx_word' id='word_1_259' title='bbox 517 3643 607 3710; x_wconf 92' lang='lat' dir='ltr'>spem</span> <span class='ocrx_word' id='word_1_260' title='bbox 635 3623 669 3688; x_wconf 91' lang='lat' dir='ltr'>in</span> <span class='ocrx_word' id='word_1_261' title='bbox 691 3643 729 3689; x_wconf 90' lang='lat' dir='ltr'>eo</span> <span class='ocrx_word' id='word_1_262' title='bbox 751 3622 877 3688; x_wconf 91' lang='lat' dir='ltr'>homine</span> <span class='ocrx_word' id='word_1_263' title='bbox 895 3623 1041 3708; x_wconf 87' lang='lat' dir='ltr'>posuisse</span> <span class='ocrx_word' id='word_1_264' title='bbox 1067 3623 1100 3686; x_wconf 90' lang='lat' dir='ltr'>in</span> <span class='ocrx_word' id='word_1_265' title='bbox 1121 3641 1183 3704; x_wconf 92' lang='lat' dir='ltr'>quo</span> <span class='ocrx_word' id='word_1_266' title='bbox 1206 3621 1274 3688; x_wconf 88' lang='lat' dir='ltr'>solo</span> <span class='ocrx_word' id='word_1_267' title='bbox 1296 3622 1401 3706; x_wconf 89' lang='lat' dir='ltr'>posita</span> <span class='ocrx_word' id='word_1_268' title='bbox 1423 3627 1492 3686; x_wconf 89' lang='lat' dir='ltr'>erat</span> 
     </span>
     <span class='ocr_line' id='line_1_32' title="bbox 285 3724 1491 3818; baseline -0.002 -25"><span class='ocrx_word' id='word_1_269' title='bbox 285 3729 387 3794; x_wconf 89' lang='lat' dir='ltr'>salus:</span> <span class='ocrx_word' id='word_1_270' title='bbox 418 3749 489 3794; x_wconf 92' lang='lat' dir='ltr'>cum</span> <span class='ocrx_word' id='word_1_271' title='bbox 521 3728 732 3818; x_wconf 85' lang='lat' dir='ltr'>intellegeret,</span> <span class='ocrx_word' id='word_1_272' title='bbox 764 3747 827 3792; x_wconf 94' lang='lat' dir='ltr'>non</span> <span class='ocrx_word' id='word_1_273' title='bbox 859 3727 982 3810; x_wconf 90' lang='lat' dir='ltr'>patriae</span> <span class='ocrx_word' id='word_1_274' title='bbox 1012 3724 1175 3792; x_wconf 89' lang='lat' dir='ltr'>commodo</span> <span class='ocrx_word' id='word_1_275' title='bbox 1205 3725 1264 3792; x_wconf 87' lang='lat' dir='ltr'>sed</span> <span class='ocrx_word' id='word_1_276' title='bbox 1290 3745 1348 3792; x_wconf 90' lang='lat' dir='ltr'>suo</span> <span class='ocrx_word' id='word_1_277' title='bbox 1370 3731 1491 3790; x_wconf 88' lang='lat' dir='ltr'>tantum</span> 
     </span>
     <span class='ocr_line' id='line_1_33' title="bbox 285 3828 1490 3914; baseline -0.003 -16"><span class='ocrx_word' id='word_1_278' title='bbox 285 3851 356 3898; x_wconf 92' lang='lat' dir='ltr'>eum</span> <span class='ocrx_word' id='word_1_279' title='bbox 385 3833 549 3899; x_wconf 88' lang='lat' dir='ltr'>consulere</span> <span class='ocrx_word' id='word_1_280' title='bbox 578 3832 685 3914; x_wconf 91' lang='lat' dir='ltr'>itaque</span> <span class='ocrx_word' id='word_1_281' title='bbox 706 3850 770 3896; x_wconf 94' lang='lat' dir='ltr'>non</span> <span class='ocrx_word' id='word_1_282' title='bbox 791 3829 924 3896; x_wconf 89' lang='lat' dir='ltr'>Athenis</span> <span class='ocrx_word' id='word_1_283' title='bbox 945 3835 1067 3896; x_wconf 90' lang='lat' dir='ltr'>tantum</span> <span class='ocrx_word' id='word_1_284' title='bbox 1089 3828 1148 3895; x_wconf 90' lang='lat' dir='ltr'>sed</span> <span class='ocrx_word' id='word_1_285' title='bbox 1169 3829 1227 3896; x_wconf 88' lang='lat' dir='ltr'>toti</span> <span class='ocrx_word' id='word_1_286' title='bbox 1249 3829 1403 3896; x_wconf 78' lang='lat' dir='ltr'>Graeciae</span> <span class='ocrx_word' id='word_1_287' title='bbox 1426 3849 1490 3894; x_wconf 88' lang='lat' dir='ltr'>cer-</span> 
     </span>
     <span class='ocr_line' id='line_1_34' title="bbox 284 3933 1490 4022; baseline -0.002 -22"><span class='ocrx_word' id='word_1_288' title='bbox 284 3943 350 4002; x_wconf 88' lang='lat' dir='ltr'>tam</span> <span class='ocrx_word' id='word_1_289' title='bbox 379 3943 410 4003; x_wconf 88' lang='lat' dir='ltr'>et</span> <span class='ocrx_word' id='word_1_290' title='bbox 431 3941 610 4022; x_wconf 89' lang='lat' dir='ltr'>promptam</span> <span class='ocrx_word' id='word_1_291' title='bbox 631 3935 795 4000; x_wconf 89' lang='lat' dir='ltr'>imminere</span> <span class='ocrx_word' id='word_1_292' title='bbox 815 3934 1001 4020; x_wconf 84' lang='lat' dir='ltr'>perniciem,</span> <span class='ocrx_word' id='word_1_293' title='bbox 1027 3933 1088 3998; x_wconf 89' lang='lat' dir='ltr'>hac</span> <span class='ocrx_word' id='word_1_294' title='bbox 1113 3953 1237 4018; x_wconf 91' lang='lat' dir='ltr'>quoque</span> <span class='ocrx_word' id='word_1_295' title='bbox 1263 3953 1320 4018; x_wconf 91' lang='lat' dir='ltr'>spe</span> <span class='ocrx_word' id='word_1_296' title='bbox 1347 3933 1490 4000; x_wconf 86' lang='lat' dir='ltr'>delusum</span> 
     </span>
     <span class='ocr_line' id='line_1_35' title="bbox 284 4037 1557 4132; baseline -0.002 -27"><span class='ocrx_word' id='word_1_297' title='bbox 284 4039 363 4106; x_wconf 90' lang='lat' dir='ltr'>illud</span> <span class='ocrx_word' id='word_1_298' title='bbox 386 4040 620 4124; x_wconf 88' lang='lat' dir='ltr'>tragoediarum</span> <span class='ocrx_word' id='word_1_299' title='bbox 641 4059 741 4123; x_wconf 89' lang='lat' dir='ltr'>genus</span> <span class='ocrx_word' id='word_1_300' title='bbox 763 4039 917 4104; x_wconf 89' lang='lat' dir='ltr'>abiecisse</span> <span class='ocrx_word' id='word_1_301' title='bbox 939 4044 1023 4104; x_wconf 87' lang='lat' dir='ltr'>certe</span> <span class='ocrx_word' id='word_1_302' title='bbox 1038 4058 1102 4103; x_wconf 93' lang='lat' dir='ltr'>non</span> <span class='ocrx_word' id='word_1_303' title='bbox 1116 4038 1234 4104; x_wconf 90' lang='lat' dir='ltr'>insulse</span> <span class='ocrx_word' id='word_1_304' title='bbox 1253 4037 1489 4123; x_wconf 90' lang='lat' dir='ltr'>suspicabimur.</span> <span class='ocrx_word' id='word_1_305' title='bbox 1554 4121 1557 4132; x_wconf 32' lang='grc'><strong>,</strong></span> 
     </span>
     <span class='ocr_line' id='line_1_36' title="bbox 284 4140 1490 4228; baseline -0.003 -18"><span class='ocrx_word' id='word_1_306' title='bbox 284 4145 450 4211; x_wconf 88' lang='lat' dir='ltr'>interiacet</span> <span class='ocrx_word' id='word_1_307' title='bbox 470 4145 552 4212; x_wconf 89' lang='lat' dir='ltr'>inter</span> <span class='ocrx_word' id='word_1_308' title='bbox 573 4143 740 4228; x_wconf 88' lang='lat' dir='ltr'>Supplices</span> <span class='ocrx_word' id='word_1_309' title='bbox 761 4149 793 4209; x_wconf 91' lang='lat' dir='ltr'>et</span> <span class='ocrx_word' id='word_1_310' title='bbox 808 4140 950 4209; x_wconf 87' lang='lat' dir='ltr'>Troades</span> <span class='ocrx_word' id='word_1_311' title='bbox 966 4142 1226 4226; x_wconf 87' lang='lat' dir='ltr'>quinquennium,</span> <span class='ocrx_word' id='word_1_312' title='bbox 1249 4141 1282 4206; x_wconf 91' lang='lat' dir='ltr'>in</span> <span class='ocrx_word' id='word_1_313' title='bbox 1296 4140 1381 4226; x_wconf 91' lang='lat' dir='ltr'>quod</span> <span class='ocrx_word' id='word_1_314' title='bbox 1395 4161 1490 4206; x_wconf 91' lang='lat' dir='ltr'>unam</span> 
     </span>
     <span class='ocr_line' id='line_1_37' title="bbox 285 4245 1488 4334; baseline -0.004 -20"><span class='ocrx_word' id='word_1_315' title='bbox 285 4255 405 4316; x_wconf 91' lang='lat' dir='ltr'>tantum</span> <span class='ocrx_word' id='word_1_316' title='bbox 420 4248 639 4334; x_wconf 87' lang='lat' dir='ltr'>didascaliam‚</span> <span class='ocrx_word' id='word_1_317' title='bbox 655 4249 778 4332; x_wconf 90' lang='lat' dir='ltr'>Ionem,</span> <span class='ocrx_word' id='word_1_318' title='bbox 793 4246 979 4331; x_wconf 89' lang='lat' dir='ltr'>rettulimus,</span> <span class='ocrx_word' id='word_1_319' title='bbox 996 4247 1024 4312; x_wconf 89' lang='lat' dir='ltr'>si</span> <span class='ocrx_word' id='word_1_320' title='bbox 1039 4247 1082 4310; x_wconf 89' lang='lat' dir='ltr'>ad</span> <span class='ocrx_word' id='word_1_321' title='bbox 1096 4266 1197 4330; x_wconf 91' lang='lat' dir='ltr'>genus</span> <span class='ocrx_word' id='word_1_322' title='bbox 1211 4245 1339 4311; x_wconf 84' lang='lat' dir='ltr'>fabulae</span> <span class='ocrx_word' id='word_1_323' title='bbox 1355 4251 1488 4330; x_wconf 87' lang='lat' dir='ltr'>spectas.</span> 
     </span>
     <span class='ocr_line' id='line_1_38' title="bbox 285 4349 1490 4436; baseline -0.007 -16"><span class='ocrx_word' id='word_1_324' title='bbox 285 4353 443 4420; x_wconf 91' lang='lat' dir='ltr'>secundae</span> <span class='ocrx_word' id='word_1_325' title='bbox 458 4353 556 4418; x_wconf 90' lang='lat' dir='ltr'>aetati</span> <span class='ocrx_word' id='word_1_326' title='bbox 570 4351 825 4436; x_wconf 89' lang='lat' dir='ltr'>adscribendam,</span> <span class='ocrx_word' id='word_1_327' title='bbox 845 4356 976 4416; x_wconf 86' lang='lat' dir='ltr'>externa</span> <span class='ocrx_word' id='word_1_328' title='bbox 989 4349 1092 4415; x_wconf 89' lang='lat' dir='ltr'>forma</span> <span class='ocrx_word' id='word_1_329' title='bbox 1105 4349 1332 4434; x_wconf 85' lang='lat' dir='ltr'>posterioribus</span> <span class='ocrx_word' id='word_1_330' title='bbox 1347 4349 1490 4433; x_wconf 88' lang='lat' dir='ltr'>similem,</span> 
     </span>
     <span class='ocr_line' id='line_1_39' title="bbox 285 4452 1491 4542; baseline -0.004 -19"><span class='ocrx_word' id='word_1_331' title='bbox 285 4478 346 4541; x_wconf 90' lang='lat' dir='ltr'>quo</span> <span class='ocrx_word' id='word_1_332' title='bbox 364 4459 463 4524; x_wconf 86' lang='lat' dir='ltr'>lustro</span> <span class='ocrx_word' id='word_1_333' title='bbox 481 4463 610 4542; x_wconf 87' lang='lat' dir='ltr'>peracto</span> <span class='ocrx_word' id='word_1_334' title='bbox 629 4457 741 4542; x_wconf 85' lang='lat' dir='ltr'>poesin</span> <span class='ocrx_word' id='word_1_335' title='bbox 756 4456 849 4538; x_wconf 89' lang='lat' dir='ltr'>longe</span> <span class='ocrx_word' id='word_1_336' title='bbox 864 4454 959 4519; x_wconf 88' lang='lat' dir='ltr'>aliam</span> <span class='ocrx_word' id='word_1_337' title='bbox 974 4454 1104 4538; x_wconf 88' lang='lat' dir='ltr'>protulit</span> <span class='ocrx_word' id='word_1_338' title='bbox 1117 4452 1287 4538; x_wconf 90' lang='lat' dir='ltr'>Euripides</span> <span class='ocrx_word' id='word_1_339' title='bbox 1303 4493 1343 4503; x_wconf 89' lang='lat'><em>-</em></span> <span class='ocrx_word' id='word_1_340' title='bbox 1359 4472 1491 4518; x_wconf 84' lang='lat' dir='ltr'>exorsus</span> 
     </span>
    </p>

    <p class='ocr_par' dir='ltr' id='par_1_5' title="bbox 284 4541 1598 4659">
     <span class='ocr_line' id='line_1_40' title="bbox 284 4541 1598 4659; baseline -0.006 -30"><span class='ocrx_word' id='word_1_341' title='bbox 284 4563 325 4629; x_wconf 89' lang='lat' dir='ltr'>ab</span> <span class='ocrx_word' id='word_1_342' title='bbox 348 4583 387 4629; x_wconf 91' lang='lat' dir='ltr'>ea</span> <span class='ocrx_word' id='word_1_343' title='bbox 409 4561 552 4646; x_wconf 88' lang='lat' dir='ltr'>trilogia,</span> <span class='ocrx_word' id='word_1_344' title='bbox 579 4581 661 4644; x_wconf 89' lang='lat' dir='ltr'>quae</span> <span class='ocrx_word' id='word_1_345' title='bbox 684 4561 794 4626; x_wconf 92' lang='lat' dir='ltr'>urbem</span> <span class='ocrx_word' id='word_1_346' title='bbox 815 4558 942 4624; x_wconf 82' lang='lat' dir='ltr'>Troiam</span> <span class='ocrx_word' id='word_1_347' title='bbox 961 4550 1028 4659; x_wconf 61' lang='lat' dir='ltr'>{per</span> <span class='ocrx_word' id='word_1_348' title='bbox 1045 4557 1181 4656; x_wconf 81' lang='lat' dir='ltr'>scelesta</span> <span class='ocrx_word' id='word_1_349' title='bbox 1203 4555 1491 4656; x_wconf 64' lang='lat' dir='ltr'>Paridisqfacinora</span> <span class='ocrx_word' id='word_1_350' title='bbox 1530 4591 1540 4598; x_wconf 86' lang='lat'>-·</span> <span class='ocrx_word' id='word_1_351' title='bbox 1565 4541 1598 4611; x_wconf 46' lang='grc' dir='ltr'>ιι</span> 
     </span>
    </p>

    <p class='ocr_par' dir='ltr' id='par_1_6' title="bbox 1220 4655 1317 4726">
     <span class='ocr_line' id='line_1_41' title="bbox 1220 4655 1317 4726; baseline 0.021 -2"><span class='ocrx_word' id='word_1_352' title='bbox 1220 4660 1284 4726; x_wconf 82' lang='grc' dir='ltr'>ιι*</span> <span class='ocrx_word' id='word_1_353' title='bbox 1312 4655 1317 4660; x_wconf 78' lang='grc'><strong>“</strong></span> 
     </span>
    </p>
   </div>
   <div class='ocr_carea' id='block_1_5' title="bbox 0 0 1843 5296">
    <p class='ocr_par' dir='ltr' id='par_1_7' title="bbox 0 0 1843 5296">
     <span class='ocr_line' id='line_1_42' title="bbox 0 0 1843 5296; baseline 0 0"><span class='ocrx_word' id='word_1_354' title='bbox 0 0 1843 5296; x_wconf 95' lang='lat' dir='ltr'> </span> 
     </span>
    </p>
   </div>
  </div>
 </body>
</html>
