3626 5288
843 1455 897 1552 ΙΙ.

490 1659 867 1762 Pinaoographiea
892 1664 937 1744 et
963 1661 1245 1747 didascalica.

855 1873 882 1928 1.

347 1997 441 2064 Nova
478 1998 593 2064 docere
631 2000 718 2085 volo,
752 2007 828 2066 nota
863 2000 1049 2086 praefabor,
1093 2008 1127 2067 at
1163 2007 1273 2087 utpote
1301 2010 1377 2069 nota
1408 2005 1476 2070 sine

261 2100 512 2168 testimoniorum
532 2103 624 2170 mole.
662 2104 870 2170 Grammatici
891 2103 1191 2190 Alexandrinilcum
1211 2107 1361 2174 classicos
1378 2107 1476 2174 Grae-

261 2223 368 2269 corum
391 2206 563 2290 scriptores
583 2213 638 2272 aut
660 2206 793 2274 ederent
812 2214 867 2273 aut
886 2209 919 2274 in
939 2211 1102 2292 catalogos
1124 2209 1288 2296 referrent}
1301 2211 1399 2276 libros
1414 2212 1476 2276 sin-

259 2308 405 2389 gulorum
434 2310 621 2394 scriptorum
649 2311 736 2376 nullo
765 2309 833 2376 fere
863 2311 973 2378 ordine
1001 2313 1189 2396 dispositos,
1220 2333 1318 2396 saepe
1340 2333 1381 2378 ne
1404 2333 1475 2380 oon-

259 2412 381 2478 iunctos
404 2413 548 2497 quidem,
570 2431 741 2495 numquam
764 2413 805 2478 ab
828 2415 1007 2481 auctoribus
1023 2415 1103 2498 ipsis
1119 2414 1261 2498 digestos
1276 2417 1474 2482 invenerunt.

258 2535 373 2580 novum
395 2516 492 2599 igitur
513 2515 656 2582 ordinem
671 2517 914 2601 constituerunt,
937 2524 972 2582 ut
986 2518 1140 2602 philologi
1159 2529 1222 2583 non
1237 2517 1280 2584 ad
1295 2518 1474 2602 ludibrium,

258 2618 339 2682 sicut
360 2625 456 2702 poeta
478 2620 620 2684 carmina
640 2639 699 2686 sua
714 2619 868 2704 disponit,
892 2619 951 2686 sed
966 2620 1008 2686 ad
1024 2627 1143 2686 certam
1158 2641 1302 2686 normam
1318 2628 1488 2716 exactum.)

258 2722 327 2806 qui,
361 2723 506 2804 quamvis
528 2724 748 2808 perturbatus,
779 2725 813 2788 in
839 2724 886 2790 eis
915 2730 1001 2789 certe
1026 2724 1249 2809 scriptoribus,
1282 2724 1337 2807 qui
1357 2725 1474 2808 integri

257 2824 348 2889 nobis
368 2827 488 2892 servati
510 2833 598 2910 sunt,
621 2826 716 2892 hodie
739 2846 863 2909 quoque
887 2833 1017 2911 regnat,
1041 2832 1136 2909 atque
1153 2828 1302 2909 quoniam
1317 2829 1473 2912 posterio-

257 2928 302 2993 ris
325 2929 440 2995 aetatis
462 2931 676 3014 grammatici,
699 2923 859 2996 Varrones
880 2930 950 2996 dico
973 2936 1006 2996 et
1028 2929 1202 3016 Caecilios,
1230 2951 1379 3014 magnum
1402 2931 1472 2996 Ari-

259 3031 422 3115 stophanis
452 3040 484 3097 et
507 3032 694 3098 Callimachi
723 3035 903 3118 exemplum
927 3035 1028 3100 secuti
1051 3041 1138 3118 sunt,
1168 3035 1264 3100 etiam
1286 3033 1373 3119 apud
1395 3035 1470 3100 scri-

257 3140 364 3218 ptores
404 3141 478 3219 post
518 3136 590 3202 illos
620 3143 675 3202 aut
707 3143 800 3202 natos
834 3143 889 3202 aut
920 3139 1042 3203 acriore
1073 3137 1178 3204 studio
1208 3139 1309 3203 cultos
1340 3137 1471 3203 easdem

257 3237 446 3322 disponendi
469 3238 748 3305 animadvertimus
771 3241 920 3306 rationes.
965 3261 1046 3323 qnae
1069 3243 1178 3325 plnres
1201 3247 1289 3326 sunt,
1313 3261 1333 3305 a
1355 3240 1471 3306 divinis

256 3341 318 3405 illis
349 3342 427 3406 artis
457 3347 586 3407 nostrae
615 3344 796 3409 auctoribus
823 3345 1000 3410 rectissimo
1029 3345 1146 3410 iudicio
1166 3350 1202 3408 ut
1224 3363 1368 3426 quaeque
1392 3349 1470 3427 apta

255 3443 325 3508 visa
347 3443 518 3510 adhibitae.

268 3555 280 3578 ⁰
342 3547 442 3612 Erant
468 3567 551 3630 quae
581 3569 640 3632 per
664 3568 784 3631 genera
810 3549 894 3634 (κατ’
919 3544 1004 3635 εἴδη)
1027 3549 1196 3633 disponere
1219 3549 1338 3615 liceret.
1384 3547 1471 3632 apud

253 3650 370 3733 lyricos
393 3651 535 3716 carmina
556 3652 699 3734 chorios,
726 3653 920 3718 luculentum
942 3653 1123 3735 exemplum
1145 3650 1303 3717 Pindarus
1326 3648 1482 3736 praebet,

254 3760 287 3817 ct
319 3773 414 3834 quam
441 3755 599 3820 subtiliter
630 3755 824 3838 distinguere
855 3755 1033 3838 calluerint,
1073 3761 1105 3820 et
1135 3760 1252 3836 quanto
1283 3753 1471 3820 difficillima

254 3862 322 3920 arte
350 3858 560 3922 recentiorum
580 3859 751 3942 plerosque
773 3858 920 3942 vicerint,
950 3877 1014 3940 qua
1036 3877 1182 3923 summae
1200 3877 1307 3922 rerum
1331 3863 1363 3922 et
1385 3872 1467 3921 com-

252 3958 397 4024 moditati
418 3961 592 4044 legentium
613 3961 719 4046 potius
741 3961 926 4045 consulitur,
957 3953 1051 4042 quam
1073 3967 1109 4025 nt
1131 3960 1276 4026 tetricam
1299 3959 1342 4024 ad
1364 3979 1467 4025 amus-

253 4062 312 4128 sim
341 4063 451 4146 pingni
483 4064 694 4130 sollicitudine
720 4065 827 4129 omnia
849 4065 1023 4146 exigantur.
1068 4063 1139 4146 quis
1161 4063 1311 4148 Pythiam
1332 4063 1467 4146 tertiam,

251 4165 394 4248 profecto
428 4186 491 4231 11011
518 4166 689 4252 Pythiam,
729 4167 792 4232 alio
829 4167 898 4232 loco
930 4167 1068 4251 positam
1097 4167 1219 4232 vellet?
1275 4165 1361 4231 idem
1389 4164 1467 4230 ordo

251 4269 316 4332 late
357 4276 472 4352 regnat
504 4270 591 4355 apud
628 4291 745 4354 prosae
776 4270 928 4335 orationis
961 4269 1133 4353 scriptores
1164 4289 1235 4333 oum
1267 4268 1354 4353 apud
1387 4269 1467 4334 alios

251 4378 317 4438 tum
354 4371 442 4456 apud
478 4380 637 4457 oratores,
684 4375 809 4440 Isaeum
849 4374 1021 4437 Isocratem
1056 4371 1324 4456 Demosthenem,
1370 4378 1466 4453 atque

251 4474 337 4560 apud
359 4475 586 4560 Antiphontem
608 4476 819 4562 Lysiamque,
849 4495 981 4559 quorum
1009 4475 1146 4541 selectas
1169 4481 1290 4540 tantum
1313 4475 1467 4540 habemus

1213 4577 1258 4644 9*
