3666 5296
368 379 420 467 rac
932 405 969 466 11.
988 413 1013 466 c.

368 590 482 651 testem
502 603 610 650 eorum
625 605 646 650 a
664 585 777 668 quibus
795 584 849 650 ille
867 585 961 668 longe
978 584 1109 650 aluerat.
1143 584 1313 669 Euripides
1331 583 1479 651 Herculis
1496 581 1578 650 filios

235 680 238 686 ’
368 679 547 770 ἀνωνύμους
582 689 688 774 perire
720 707 836 775 passus
873 695 950 756 erat.
1007 689 1176 754 miseratus
1209 709 1319 755 eorum
1354 688 1577 774 grammaticus

368 785 613 860 Tberimacbum
635 793 812 860 Deicoouta
828 793 1063 859 Aristodemum
1089 793 1227 877 vocavit,
1258 813 1392 876 quorum
1417 793 1577 859 nominum

367 897 458 964 testis
480 895 622 963 adfertur
642 896 811 982 Euripides
834 897 931 964 schol.
952 895 1044 962 Pind.
1066 897 1175 963 Isthm.
1198 903 1228 964 4.
1253 904 1324 962 104.
1369 897 1458 964 fraus
1480 897 1576 962 mani-

367 1001 462 1086 festa,
485 1021 568 1084 quae
581 1001 750 1069 Welckero
773 1001 911 1086 quodam
930 1001 1025 1067 modo
1048 1000 1226 1087 anhelebat,
1242 1003 1416 1068 Boeckium
1437 1002 1576 1086 fallebat,

368 1124 408 1171 ex
431 1101 615 1189 argumento
643 1106 798 1192 provenit.
841 1125 901 1171 nec
921 1104 1048 1171 aliunde
1071 1103 1185 1191 Oedipi
1207 1112 1238 1172 et
1259 1104 1385 1172 Paridis
1407 1105 1576 1173 nutritores

367 1210 495 1276 nomina
520 1209 636 1295 partim
662 1210 812 1294 ambigua
836 1215 1034 1295 acceperuut.
1082 1209 1166 1275 hunc
1194 1208 1385 1276 Archelaum
1405 1216 1500 1275 vocat
1518 1210 1576 1276 Asa

368 1313 529 1399 clepiadcs
555 1313 734 1399 Targilenis
762 1312 872 1400 (schol.
889 1317 924 1378 Ἰ.
952 1312 1031 1398 325)
1064 1333 1105 1378 ex
1138 1333 1199 1398 quo
1228 1313 1415 1399 Apollodori
1431 1311 1501 1399 (Ill.
1526 1318 1577 1398 12,

368 1424 397 1502 5,
421 1416 455 1505 4)
482 1417 623 1502 Agelaus
649 1439 712 1485 uon
740 1417 868 1501 quidem
895 1418 1012 1502 corrigi
1038 1417 1146 1503 debet,
1173 1423 1213 1484 at
1232 1419 1383 1486 alteruter
1412 1423 1576 1502 corruptus

367 1527 425 1588 est.
469 1521 510 1588 de
530 1519 644 1607 Oedipi
672 1541 764 1588 servo
792 1521 830 1587 ci.
858 1521 1008 1587 Welcker
1032 1521 1128 1606 Trag.
1156 1521 1196 1589 11.
1218 1527 1290 1588 544.
1334 1523 1483 1588 haizam
1505 1521 1576 1586 Piu-

367 1625 445 1691 daro
471 1625 660 1692 tribuentem
684 1645 767 1708 quae
793 1625 880 1710 apud
906 1625 1109 1692 scholiastam
1133 1625 1201 1692 eius
1227 1627 1350 1710 legerat
1372 1625 1473 1692 habes
1495 1625 1575 1691 Ghil.

365 1727 419 1794 IV.
443 1735 516 1795 390.
560 1728 640 1796 coni.
661 1729 772 1814 Bergk
791 1728 866 1816 Lyr.
890 1737 919 1815 2,
943 1737 1022 1815 309,
1051 1729 1191 1816 Dilthey.
1214 1729 1336 1797 Gallim.
1360 1728 1440 1816 Oyd.
1464 1735 1536 1794 100.

955 2009 983 2068 6.

453 2135 544 2218 Quae
577 2137 618 2204 de
645 2137 750 2224 Augu,
784 2138 856 2205 Alei
883 2139 962 2224 iilia,
993 2138 1129 2224 Telephi
1154 2145 1256 2206 matre
1282 2145 1450 2206 narrantur
1470 2087 1573 2224 primu

366 2243 475 2310 obtutu
506 2249 572 2309 tam
603 2244 695 2310 varia
721 2250 852 2327 tamque
876 2244 1034 2312 murana
1058 2243 1162 2310 videri
1185 2250 1331 2328 possunt,
1363 2249 1399 2310 ut
1429 2243 1470 2310 de
1499 2263 1572 2310 euu-

365 2346 506 2415 cleandis
540 2353 595 2414 aut
633 2348 755 2432 origine
793 2354 848 2414 aut
885 2367 1006 2414 conexu
1044 2354 1099 2413 aut
1131 2347 1242 2414 ordine
1269 2347 1448 2414 fabularum
1479 2346 1573 2414 facilc

264 2447 268 2457 '
366 2452 595 2538 desperaveris.
638 2453 750 2538 primis
777 2453 952 2519 litterarum
980 2450 1174 2518 Graecarum
1204 2452 1397 2538 temporibus
1427 2453 1574 2536 neglecta

364 2577 423 2643 per
442 2556 580 2641 tragicos
606 2556 805 2642 potissimum
832 2557 1065 2640 increbuerunt,
1090 2554 1205 2622 deinde
1228 2555 1315 2641 apud
1340 2575 1433 2640 reges
1455 2556 1572 2639 Perga

363 2681 474 2728 menos
494 2667 656 2746 tamquam
678 2679 771 2728 saera
791 2660 925 2728 histmia
948 2661 1032 2726 culta
1054 2661 1149 2728 etiam
1163 2661 1335 2756 pictoribus
1350 2660 1571 2745 sculptoribus-

364 2786 426 2850 que
451 2767 573 2851 largam
598 2766 812 2851 praebuerunt
835 2766 1014 2850 materiam,
1049 2764 1135 2851 apud
1156 2765 1315 2832 Romanos
1337 2783 1413 2832 casu
1436 2763 1573 2848 quodam

364 2871 598 2955 obsoleverunt3
626 2871 734 2953 itaque
754 2869 840 2955 apud
860 2869 1111 2956 mythographos
1130 2876 1162 2936 et
1182 2889 1257 2935 rara
1279 2875 1311 2936 et
1335 2869 1442 2936 lacera
1463 2889 1572 2936 eorum

363 2975 517 3042 memoria
538 2981 595 3042 est.
640 2975 728 3041 cuius
749 2975 797 3041 rei
824 2975 904 3041 scitu
921 2995 986 3040 non
1006 2973 1170 3059 indignum
1192 2972 1414 3040 documentum
1433 2973 1494 3040 hoc
1513 2980 1571 3040 est

363 3099 404 3146 ex
424 3079 637 3164 Tegeatarum
664 3079 865 3145 sacerdotum
893 3099 948 3145 ore
970 3084 1136 3164 exceptum
1158 3099 1179 3144 a
1200 3079 1359 3146 Pausania
1382 3078 1458 3144 Vffl
1475 3084 1528 3162 47,
1550 3086 1570 3144 4

363 3189 523 3268 narratur,
552 3182 677 3267 Augam
708 3183 752 3248 ad
782 3202 908 3250 sacrum
933 3183 1096 3250 Minervae
1122 3183 1242 3250 iontem
1267 3183 1309 3249 ab
1334 3182 1472 3250 Hercule
1500 3202 1570 3250 con·

362 3307 508 3374 pressam
530 3307 611 3354 esse.
655 3288 774 3353 nullum
794 3287 881 3372 apud
903 3294 1026 3354 ceteros
1042 3287 1212 3372 scriptores
1227 3287 1321 3354 huius
1335 3285 1463 3354 fabulae
1477 3286 1570 3353 vesti-

363 3393 466 3477 gium;
496 3391 594 3457 nihilo
613 3398 719 3457 tamen
742 3391 847 3458 secius
868 3399 988 3457 certum
1010 3399 1071 3476 cst,
1093 3413 1133 3459 ex
1155 3392 1303 3476 populari
1315 3390 1486 3460 traditione
1500 3409 1572 3457 eam

362 3497 509 3564 hausisse
530 3502 657 3581 poetam
675 3495 762 3561 baud
782 3495 967 3580 ignobilem,
990 3515 1084 3579 quem
1098 3493 1347 3562 Alexandrinum
1366 3494 1465 3562 fuisse
1478 3494 1572 3562 facile

364 3600 547 3669 conicimus:
569 3601 655 3686 picta
677 3600 760 3666 enim
782 3606 868 3666 extat
882 3601 1031 3684 Pompeis
1044 3599 1183 3687 (Helbig.
1201 3598 1308 3686 1142).
1344 3600 1433 3683 atqui
1451 3600 1486 3665 in
1499 3619 1570 3684 pro

362 3706 471 3792 patulo
516 3711 565 3772 est
600 3705 812 3788 Tegeatarum
850 3698 953 3789 ἱεροὺς
987 3697 1100 3787 λόγους
1139 3703 1225 3788 apud
1262 3703 1473 3788 Pompeianos
1508 3723 1570 3770 non

362 3809 514 3894 valuisse,
536 3810 732 3876 inventorem
753 3808 859 3875 autem
876 3808 1020 3894 picturae
1041 3828 1144 3892 neque
1162 3809 1265 3874 minus
1283 3808 1457 3874 imitatores
1472 3806 1570 3874 admi-

362 3920 547 3997 ratoresque
565 3914 773 3998 intellexisse,
795 3933 877 3996 quae
898 3913 1066 3997 pingerent
1087 3918 1142 3978 aut
1162 3912 1314 3978 viderent.
1360 3932 1470 3978 omnes
1493 3931 1570 3996 ergo

362 4039 402 4085 ex
428 4017 540 4084 eodem
566 4017 645 4085 satis
671 4017 789 4084 celebri
814 4017 953 4083 carmine
979 4023 1177 4102 aeceperunt.
1222 4017 1311 4082 ouius
1336 4017 1383 4084 rei
1408 4017 1441 4082 iu
1462 4035 1569 4100 quam-

360 4121 410 4190 vis
432 4141 559 4188 corroso
582 4121 704 4208 pariete
724 4120 945 4208 cernerejlicet
966 4120 1188 4188 testimonium.
1233 4139 1317 4204 quae
1341 4121 1425 4187 enim
1445 4120 1570 4205 Augam

362 4225 530 4294 comitatur
560 4246 624 4293 non
649 4227 756 4312 puella
782 4231 843 4310 est,
876 4225 940 4292 imo
967 4225 1067 4292 aniles
1094 4225 1216 4292 formae
1237 4225 1314 4290 mihi
1332 4245 1392 4291 uec
1413 4224 1490 4290 mibi
1511 4223 1571 4291 soli

361 4331 457 4398 etiam
489 4350 572 4397 nuuc
605 4331 683 4398 satis
710 4329 876 4397 distinctae
899 4331 989 4396 visae
1016 4336 1101 4415 suut,
1134 4336 1169 4396 ut
1193 4329 1246 4396 vel
1271 4336 1380 4396 contra
1407 4328 1570 4413 egregiam

360 4435 501 4522 Helbigii
534 4435 726 4520 diligentium
760 4435 859 4502 oculis
893 4435 973 4502 meis
1006 4433 1170 4502 confidam.
1219 4434 1371 4502 nutricem
1405 4454 1481 4500 vero
1511 4454 1571 4500 nec

361 4559 473 4608 sacrae
507 4539 684 4607 traditionis
717 4539 902 4625 simplicitas
927 4559 986 4606 nec
1012 4539 1236 4606 amoenitatum
1268 4539 1411 4608 studiosa
1433 4538 1568 4605 Alexan·
