3594 5292
203 622 243 663 ve.
257 605 309 665 736
345 609 381 665 σὺ
397 615 482 664 ταῦτα
499 607 554 665 ΡΟ.

257 698 309 753 740
346 701 399 751 εἴθ’
418 695 439 752 ὠ
456 696 509 752 ΡΟ.
536 701 595 750 εἴθε
614 715 642 768 p.
661 698 685 751 si
703 700 775 752 recte
793 698 893 752 lectum
912 699 962 750 est.

258 784 308 838 741
344 784 426 850 ἡνίκα
445 782 498 838 σὺν
514 785 642 852 Ἡρακλεῖ
657 783 712 839 ΡΟ.

258 871 310 924 745
346 870 439 942 ὀρθῶς
455 872 526 940 ἔχων
543 869 597 926 ΡΟ.
626 871 718 942 ὀρθῶς
736 871 801 939 ἔχον
818 887 840 925 o.

258 957 311 1010 750
345 963 523 1030 φαεσίβροτοι
541 957 595 1012 ΡΟ.

257 1043 307 1098 751
344 1043 463 1114 ἔνέγκατ’
480 1044 535 1100 ΡΟ.

257 1131 308 1184 756
344 1133 390 1184 καὶ
409 1135 475 1203 περὶ
495 1128 595 1202 δόμων
612 1131 668 1186 ΡΟ.
692 1135 757 1202 περὶ
776 1137 831 1184 τῶν
849 1127 946 1202 δόμων
964 1147 986 1186 o.

189 1205 192 1212 Δ
258 1217 309 1272 766
345 1216 492 1288 σύμμαχος
507 1217 561 1273 ΡΟ.

258 1306 309 1359 769
345 1301 445 1370 ἥσσους
465 1307 513 1357 εἴτ’
532 1307 601 1375 ἐμοῦ
618 1308 771 1376 φανοῦνται
785 1303 839 1358 ΡΟ.
865 1307 937 1358 λεία.
955 1303 998 1361 Οἳ.
1023 1311 1154 1376 φανεῖται
1170 1321 1196 1374 p.
1220 1305 1337 1372 ἥσσονές
1357 1309 1418 1359 ποτ’

346 1391 380 1443 ἂν
398 1387 453 1444 οὔτ’
474 1391 546 1462 ἐμοῦ
566 1395 719 1459 φανοῦνται
738 1393 770 1446 ut
787 1391 894 1446 videtur
911 1409 934 1447 o.

259 1477 311 1533 774
347 1475 522 1548 teotonem
539 1475 592 1532 ΡΟ.
627 1478 688 1529 ταδ’
712 1494 748 1532 an
771 1475 832 1530 τάδ’
850 1477 873 1532 Ρ
893 1476 1004 1542 habeat,
1027 1494 1080 1534 non
1106 1478 1199 1534 notard
1219 1493 1305 1547 noque
1327 1481 1417 1533 tutum

345 1579 376 1618 ex
395 1563 504 1619 silentio
521 1563 666 1634 conligere.

258 1668 308 1722 777
345 1668 393 1721 ἐπὶ
413 1673 460 1721 σοί
473 1667 543 1721 nihil
559 1667 634 1721 aliud
650 1667 703 1722 ΡΟ.
729 1669 787 1721 ἀλλ’
806 1668 835 1723 in
853 1669 985 1738 principio
1006 1667 1067 1722 add.
1086 1685 1108 1723 c.

259 1755 310 1809 778
346 1752 426 1808 λάθει
448 1758 480 1810 ut
498 1753 681 1810 Kirohhoffius
698 1753 812 1809 coniecit
825 1754 886 1810 ΡΟ.Ι
901 1773 919 1824 p
937 1755 1027 1810 nescio
1045 1755 1111 1824 quid
1130 1755 1254 1809 mutavit.

259 1840 311 1895 780
345 1845 421 1894 ναῶν
438 1839 492 1895 ΡΟ.
515 1846 588 1898 νέων
604 1845 637 1896 ut
653 1841 799 1896 Bernesius
814 1845 886 1897 recte
906 1842 1020 1898 coniecit
1037 1857 1060 1896 o.
1084 1841 1117 1896 oi.
1137 1841 1178 1896 El.
1198 1842 1275 1898 1348.

258 1928 308 1982 781
346 1928 370 1980 d’
390 1927 434 1980 ἐπ’
450 1927 504 1982 ΡΟ.
532 1929 566 1981 δέ
580 1931 607 1994 γ’
627 1929 670 1982 ἔνι’
688 1944 710 1982 o.

258 2015 310 2069 789
346 2015 520 2088 ἀγγέλμασιν
537 2013 589 2070 ΡΟ.

257 2102 310 2156 794
344 2099 466 2175 μάλιστα
484 2100 538 2156 ΡΟ.

257 2191 309 2244 801
346 2187 538 2258 accettemo
556 2187 586 2244 Ο.
609 2187 797 2259 ἀντεταξάμεν
815 2205 875 2243 cum
894 2187 916 2244 Ρ
931 2191 1030 2260 pusillo
1047 2207 1137 2248 errore
1149 2191 1304 2260 scripsisset
1314 2190 1350 2244 ΡΙ
1363 2207 1417 2245 non

345 2278 484 2330 accentum
503 2274 550 2330 sed
568 2275 745 2345 conpendium
757 2277 881 2344 mutavit,
899 2277 940 2331 ita
952 2281 983 2332 ut
994 2295 1065 2332 nunc
1077 2277 1268 2350 ἀντεταξάμην
1279 2277 1417 2346 adpareat.

256 2381 308 2437 805
345 2385 388 2433 εἴα
406 2379 443 2433 σὰ
460 2384 514 2451 μέν
532 2377 586 2434 ΡΟ.

254 2467 306 2522 839
335 2465 462 2538 Ἀργείων
479 2464 533 2520 ΡΟ.
1087 2535 1091 2543 ¹

254 2556 306 2609 855
342 2555 472 2605 σωθέντ’
485 2551 538 2607 ΡΟ.
560 2552 660 2606 diserte
670 2555 845 2608 testaturnec
854 2556 943 2608 extare
952 2568 1001 2607 nec
1012 2552 1134 2606 extitisse
1149 2571 1175 2610 rr
1187 2551 1216 2605 in
1227 2550 1257 2616 Ο,
1275 2552 1346 2622 quod
1360 2552 1415 2607 dis·

340 2640 429 2710 picere
442 2640 495 2693 sibi
511 2640 585 2693 visus
606 2642 648 2693 est
659 2639 718 2708 ipse
730 2639 875 2703 Victorius,
894 2639 943 2710 qui
954 2641 1016 2694 mea
1026 2655 1107 2694 eausa
1119 2638 1224 2708 aliquot
1242 2639 1315 2693 locos
1328 2639 1415 2694 denuo

343 2727 507 2782 examinavit
522 2726 595 2781 ultro
611 2725 704 2780 oblata
719 2725 889 2782 humanitate
903 2726 945 2782 vir
966 2725 1139 2780 doctissimus
1151 2725 1313 2780 Benedictus
1325 2726 1418 2781 Niese.

255 2833 305 2888 867
343 2829 423 2890 ἐκδὺς
442 2835 561 2898 αἰθρίου
579 2828 600 2884 Ο
620 2834 648 2884 et
667 2831 689 2886 P
708 2846 740 2884 ex
758 2831 867 2886 silentio
885 2847 953 2886 ineo.

255 2919 307 2973 863
334 2915 487 2991 ,πάροιθεν
503 2915 557 2971 ΡΟ.

256 3007 309 3062 886
344 3001 453 3075 ἀνάγκη
472 3003 526 3059 ΡΟ.
556 3003 629 3074 qnod
647 3004 739 3060 eodem
758 3006 816 3060 iure
834 3005 942 3060 dativus
961 3008 989 3060 et
1006 3003 1188 3058 nominativus
1206 3001 1300 3058 haberi
1320 3006 1418 3072 potest,

343 3089 388 3145 hic
408 3106 472 3161 ergo
490 3090 599 3145 dativus
617 3095 667 3145 est.

257 3194 308 3248 893
343 3197 426 3248 toron
445 3192 499 3248 ΡΟ.
524 3211 592 3250 corr.
611 3211 634 3249 c.

259 3280 309 3336 902
345 3281 422 3334 τοῦδ’
440 3279 494 3336 ΡΟ.
515 3279 576 3334 τόδ’
595 3298 616 3338 o.

257 3367 308 3422 903
344 3365 487 3439 ὁμήΡΟ.
515 3368 550 3419 δέ
566 3367 662 3423 inserit
682 3385 704 3423 o.

257 3454 309 3508 906
344 3451 502 3522 interiecta
520 3452 574 3508 ΡΟ.
591 3455 715 3527 ἐπίσημα
735 3470 757 3508 c.

257 3541 307 3594 909
344 3539 389 3593 ἀεί
406 3536 461 3593 ΡΟ.
485 3544 544 3593 αἰεί
560 3557 582 3594 e.

258 3627 308 3680 911
345 3625 414 3686 θεὸς
431 3623 515 3696 γόνος
532 3625 586 3680 ΡΟ.

255 3713 307 3767 912
343 3713 410 3766 dodo
425 3711 481 3770 ΡΟ.
505 3714 547 3766 uti
564 3712 614 3766 hoc
630 3714 790 3768 vocabulum
807 3714 836 3767 in
852 3711 964 3766 canticis
982 3711 1139 3780 plerumque
1159 3712 1292 3767 scribitur.

256 3800 308 3854 914
344 3801 474 3859 δἀϊσθείς
490 3798 543 3854 ΡΟ.
628 3816 631 3821 ’

256 3888 308 3942 915
341 3887 447 3960 χροΐζει
467 3885 522 3940 ΡΟ.
548 3886 582 3941 of.
602 3885 675 3957 Cycl.
692 3887 744 3942 498
761 3886 790 3941 in
808 3887 891 3941 classi
907 3887 940 3941 A.

258 3975 311 4029 924
345 3975 408 4044 ἔσχε
428 3974 454 4026 δ’
472 3972 526 4029 ΡΟ.

256 4061 309 4118 930
343 4062 434 4117 τῶνδέ
449 4063 472 4114 τ’
490 4059 544 4115 PC.

257 4148 309 4203 965
343 4149 446 4201 τοῖσιδ’
465 4146 521 4202 ΡΟ.
550 4173 553 4187 ·

258 4234 309 4288 973
346 4239 392 4286 καὶ
411 4241 440 4285 τί
457 4237 532 4304 φημὶ
550 4233 603 4287 κᾶν
621 4231 797 4304 preficiendi
815 4231 869 4286 ΡΟ.

342 4321 404 4374 inde
422 4336 438 4374 a
456 4322 525 4378 1002
542 4319 565 4374 P
584 4319 667 4374 deest.

239 4423 310 4480 1014
341 4422 413 4496 πρὸς
430 4423 449 4476 ἅ
469 4423 550 4483 εἶπας
570 4421 599 4477 Ο.
626 4426 651 4492 γ’
671 4423 767 4479 inserit
786 4440 808 4478 o.

238 4511 307 4564 1018
339 4529 402 4584 χορ.
422 4509 451 4564 Ο.
477 4502 577 4579 ἥᾶγγ.
595 4509 657 4564 add.
676 4527 698 4566 o.

238 4596 307 4648 1019
347 4597 426 4649 δοκεῖ
443 4594 523 4649 πόλει
542 4595 572 4650 Ο.

246 4700 441 4742 Wilamowita
452 4723 459 4732 ·
469 4702 698 4756 aucellatores,
713 4701 825 4744 Analecta
838 4702 968 4753 Euripiden.
1180 4689 1197 4748 2
