3666 5296
373 395 427 450 218
747 427 750 432 ·
934 399 986 454 ΙΠ.
1005 401 1031 456 4.

377 573 440 632 515
638 570 750 654 λαβεῖν
774 566 919 658 συνάψαι
943 573 970 635 τ’
994 571 1029 636 ἐκ
1052 573 1140 638 δυοῖν
1159 568 1236 656 μίαν
1256 567 1356 660 χάριν.

375 679 438 738 508
499 676 590 740 TPO.
635 666 713 742 εἶεν·
737 679 845 744 πιθοῦ
866 700 938 760 μοι,
961 673 1091 766 δευτέρα
1114 675 1175 764 γὰρ
1198 673 1218 766 ἡ
1238 673 1340 763 χάρις,

636 775 724 845 ἔστιν
742 781 811 846 κατ’
836 776 945 859 οἴκους
967 778 1087 868 φίλτρα
1109 806 1166 864 μοι
1188 777 1368 870 θελκτήρια

637 879 773 970 ἔρωτος,
793 877 876 974 ἤλιθα
896 887 924 952 δ’
948 882 1022 972 ὀίρτι
1043 910 1102 964 μοι
1124 892 1249 974 φρενῶν
1270 882 1345 968 ἔσω,

636 987 708 1056 δίσ’
732 986 796 1056 οὔτ’
818 985 871 1056 ἐπ’
894 987 1040 1076 αἰσχροῖς
1062 986 1129 1057 οὔτ’
1152 988 1211 1056 ἐπὶ
1228 989 1333 1080 βλάβῃ
1356 993 1476 1078 φρονῶν

374 1096 437 1155 512
637 1089 756 1162 παύσει
779 1089 877 1162 νόσου
898 1095 1007 1183 τῆσδ’,
1030 1090 1068 1182 ἢν
1089 1093 1128 1160 σὺ
1149 1093 1193 1183 μὴ
1215 1093 1287 1184 γίνῃ
1309 1090 1400 1182 κακή.

374 1200 437 1264 516
495 1204 590 1264 ΦΑΙ.
634 1197 759 1285 πότερα
782 1198 818 1266 δὲ
838 1198 969 1285 χριστὸν
990 1195 1011 1287 ἢ
1033 1198 1139 1267 ποτὸν
1162 1197 1200 1266 τδ
1223 1198 1412 1287 φάρμακον,·

529 1307 589 1372 ΤΡ.
635 1296 693 1371 οὐκ
714 1297 789 1370 οἶδ’·
820 1299 964 1371 ὀνάσθαι
986 1301 1030 1392 μὴ
1047 1307 1172 1390 ,μαθεῖν
1193 1302 1325 1386 βούλου,
1349 1302 1466 1372 τέκνον.

497 1410 592 1476 ΦΑΙ.
638 1409 754 1491 δέδοιχ’
779 1405 872 1487 ὅπως
893 1433 950 1492 μοι
971 1407 1015 1496 μὴ
1038 1404 1111 1474 λίαν
1134 1415 1240 1498 φανῇς
1263 1406 1357 1496 σοφή.

531 1516 591 1579 TP.
638 1511 733 1580 πάντ’
756 1509 795 1580 δν
821 1514 998 1601 φοβηθεῖσ’
1019 1508 1109 1580 ίσδι·
1137 1509 1309 1595 δειμαίνεις
1331 1510 1367 1579 δὲ
1389 1509 1424 1578 τί
1431 1543 1442 1595 ,·

377 1624 441 1683 520
499 1624 595 1682 uAJ.
639 1613 683 1706 μή
702 1615 759 1702 μοί
780 1643 811 1684 τι
839 1616 970 1706 Θησέως
992 1618 1094 1684 τῶνδε
1115 1612 1253 1706 μηνίσῃς
1274 1611 1361 1703 τόκῳ

531 1726 594 1788 TP.
638 1719 753 1804 ἔασον,
778 1715 804 1788 ιδ
826 1726 906 1803 aad,
929 1723 1017 1788 ταῦτ’
1040 1719 1102 1808 dyo)
1125 1716 1223 1810 θήσω
1244 1723 1365 1810 καλῶς·

636 1826 734 1912 μόνον
756 1825 795 1893 σύ
816 1852 890 1910 μοι,
915 1827 1076 1894 δέσποινα
1099 1823 1221 1912 ποντία
1242 1824 1367 1912 Κύπρι,

639 1930 783 2018 ξυνεργδς
801 1928 881 2020 εἴης·
910 1927 1012 1997 adsto
1033 1933 1061 1998 δ’
1084 1921 1124 1997 οἷ’
1147 1928 1209 2016 ἐγώ
1233 1934 1342 2018 φρονῶ

637 2040 708 2116 τοῖς
727 2033 817 2103 ἔνδον
838 2032 913 2125 ἡμῖν
936 2028 1067 2122 ἀρκέσει
1089 2034 1180 2115 λέξαι
1201 2032 1319 2122 φίλοις.
1390 2097 1393 2104 .

423 2140 431 2152 “
464 2143 508 2208 Ut
537 2143 682 2233 versibus
712 2141 895 2208 traiciendis
925 2142 1014 2207 locus
1035 2139 1142 2224 fieret,
1173 2141 1223 2208 bis
1251 2141 1441 2227 scripturam
1462 2143 1590 2208 mutavi.

377 2251 441 2312 513
463 2246 514 2311 δεῖ
536 2246 563 2310 δ’
596 2253 657 2312 508
681 2243 710 2311 εἰ
734 2247 761 2310 δ’
786 2239 839 2310 οὖν
863 2245 989 2312 codices
1011 2246 1175 2332 praebent.
1220 2251 1253 2311 at
1275 2247 1417 2329 quisquis
1440 2248 1591 2330 gravibus

377 2351 473 2417 rebus
505 2351 677 2417 adsensum
710 2373 774 2417 non
809 2351 940 2434 negavit
971 2351 1004 2418 iu
1037 2351 1125 2418 hisce
1161 2350 1323 2416 minutulis
1360 2352 1588 2418 mutationibus

374 2477 439 2520 nou
458 2455 610 2522 haerebit
654 2457 734 2522 nolit
765 2462 872 2522 autem
905 2455 1073 2540 quisquam
1101 2455 1229 2521 facilem
1259 2461 1314 2520 aut
1337 2455 1491 2522 similibus
1511 2457 1591 2523 casi-

375 2560 435 2626 bus
465 2561 717 2626 commendatam
750 2560 811 2628 sibi
837 2559 959 2644 fingere
984 2561 1128 2644 integrae
1155 2579 1304 2644 scaenae,
1336 2566 1371 2625 ut
1403 2581 1591 2646 persuasum

376 2664 492 2749 habeo,
530 2665 770 2732 restitutionem.
814 2664 1001 2730 difficillima
1034 2671 1083 2730 est
1112 2671 1144 2730 et
1170 2663 1258 2749 apud
1286 2664 1473 2749 Euripidem
1502 2672 1590 2732 certe

293 2819 300 2831 .
375 2769 477 2835 unica.
515 2775 634 2853 quauta
649 2769 733 2835 enim
747 2769 915 2835 molimur?
951 2769 1170 2836 contendimus
1185 2789 1309 2835 summa
1322 2769 1452 2852 ingenia
1467 2790 1591 2837 sescen-

376 2875 458 2940 tiens
481 2874 690 2960 Hippolytum
711 2873 830 2958 legisse
850 2872 1102 2958 difficultatibus,
1124 2874 1238 2956 quibus
1260 2894 1320 2940 nos
1343 2873 1386 2939 ad
1407 2880 1474 2940 tam
1494 2881 1590 2941 tome-

376 2978 463 3044 raria
483 2979 649 3045 conamina
671 2978 801 3044 adducti
820 2998 944 3062 sumus,
965 2999 1027 3044 non
1042 2978 1235 3064 perspectis,
1258 2999 1322 3044 non
1337 2985 1481 3046 recentes
1496 2979 1591 3046 modo

375 3083 599 3166 grammaticos
633 3083 692 3150 sed
721 3085 826 3168 ipsum
853 3082 1081 3149 Aristarchum.
1134 3082 1353 3149 contendimus
1371 3084 1472 3148 multa
1492 3084 1590 3150 horni-

375 3207 451 3252 uum
474 3189 603 3253 saecula
618 3187 785 3254 Phaedrae
807 3188 919 3254 insano
941 3208 1049 3254 amore
1065 3187 1240 3256 delectatos
1256 3207 1343 3272 esse,
1368 3188 1436 3254 sive
1454 3189 1487 3253 in
1502 3188 1590 3254 thea-

376 3297 425 3357 tro
454 3298 637 3376 spectarunt
657 3293 795 3358 artifices
817 3292 991 3378 Dionysius
1014 3292 1081 3358 sive
1105 3293 1138 3357 in
1161 3292 1303 3358 cubiculo
1325 3291 1486 3358 Atticiana
1507 3294 1592 3358 evol·
1637 3363 1639 3368 ,

375 3402 490 3461 verunt
521 3397 730 3482 exemplaria,
757 3417 861 3479 neque
889 3403 994 3462 tamen
1017 3395 1179 3480 Euripidis
1208 3396 1390 3462 Phaedram
1418 3397 1592 3464 admiratos

304 3508 305 3512 ’
372 3510 457 3566 esse.
503 3501 630 3583 quando
659 3507 725 3566 tam
747 3502 828 3566 mira
849 3520 1005 3585 perpessa
1027 3505 1077 3566 est
1097 3500 1260 3586 Euripidis
1283 3501 1472 3584 tragoedia?
1518 3508 1592 3568 aute

375 3605 558 3690 Lycurgum
590 3606 709 3691 opinor.
765 3626 826 3670 nee
855 3611 962 3670 tamen
990 3605 1145 3690 superfuit
1177 3605 1276 3671 ullum
1307 3604 1392 3688 quod
1419 3607 1492 3672 labe
1522 3612 1592 3671 tam

373 3707 471 3776 foeda
505 3710 644 3776 immune
678 3717 764 3776 esset
800 3709 1001 3794 exemplum?
1056 3730 1149 3775 nemo
1182 3728 1333 3792 umquam
1367 3711 1592 3793 quaerentibus

373 3814 586 3898 respondebit.
631 3815 863 3899 philologorum
884 3814 997 3878 ultima
1019 3815 1100 3880 ratio
1122 3813 1281 3879 iudicium.
1321 3813 1476 3898 quidquid
1490 3815 1591 3880 incor-

373 3921 486 4002 ruptae
508 3919 607 3984 menti
628 3918 810 3985 indefessae
831 3918 992 3984 sollertiae
1013 3938 1125 3984 verum
1147 3919 1251 3984 visum
1266 3923 1329 4002 est,
1350 3917 1385 3984 id
1400 3919 1591 4002 amplecten-

375 4020 463 4106 dum,
493 4023 526 4087 in
555 4023 677 4106 origiue
703 4023 778 4089 falsi
797 4042 861 4087 non
883 4021 1080 4088 haerendum
1102 4027 1160 4088 est.
1204 4043 1279 4088 uam
1300 4043 1365 4088 uua
1387 4028 1437 4088 est
1459 4023 1588 4106 veritas,

373 4126 457 4193 falsa
488 4127 740 4193 innumerabilia.
785 4134 893 4193 tamen
913 4132 1065 4210 quantum
1088 4125 1263 4194 audeamus
1292 4147 1333 4193 ue
1364 4127 1590 4193 obliviscamur

374 4230 550 4297 cavendum
577 4237 642 4316 est,
673 4252 713 4298 ue
742 4231 776 4296 in
802 4251 911 4297 eorum
937 4251 1102 4297 numerum
1132 4231 1355 4315 deveniamus,
1385 4231 1439 4313 qui
1470 4230 1587 4297 cotidie

373 4336 471 4401 multo
495 4335 668 4402 audaciora
689 4335 864 4422 proferunt,
900 4335 941 4402 de
963 4335 1204 4421 probabilitate,
1234 4335 1312 4419 quid
1334 4335 1422 4419 dico,
1446 4334 1488 4400 de
1510 4336 1590 4400 veri-

374 4444 440 4506 tate
474 4441 586 4506 seouri.
637 4461 701 4506 non
728 4441 885 4506 abiectum
913 4441 995 4506 istuc
1014 4460 1116 4524 genus
1144 4440 1214 4506 dico
1237 4441 1292 4524 qui
1313 4440 1420 4526 palam
1441 4439 1590 4524 profiten-

373 4550 439 4630 tur,
461 4566 525 4612 uon
545 4546 702 4614 iuteresse
724 4567 843 4612 verane
867 4547 1047 4614 coniectura
1069 4545 1111 4614 sit
1132 4566 1173 4612 an
1195 4546 1293 4623 falsa,
1322 4545 1489 4612 nonenim
1511 4544 1594 4616 veri·
