3626 5288
794 444 830 498 II.
848 447 872 502 1.
1392 451 1444 506 133

231 624 316 685 certe
340 623 372 682 et
390 615 575 700 Euripidem
596 617 738 682 extitisse
754 613 897 684 ordinem
912 618 975 684 duo
990 619 1183 702 testimonia,
1204 640 1307 704 eaque
1321 621 1441 708 Aristo-
1474 625 1507 692 a
1520 648 1560 686 m
1574 634 1593 691 1.
1596 639 1631 718 ,l

231 722 345 808 phanis
371 721 486 805 ipsius,
516 721 692 793 luculenter
720 722 863 805 probant.
917 722 971 805 qui
998 723 1032 787 in
1056 723 1235 806 Antigonae
1246 733 1444 812 [aggumento

225 823 377 914 Qua
407 821 444 890 τὸ
476 824 584 909 δρᾶμα
616 828 711 889 τοῦτο
744 823 936 909 τριακοστὸν
968 819 1128 910 δεύτερον]
1145 826 1178 890 in
1207 827 1379 894 Alcestidis
1407 828 1445 894 τὸ
1502 814 1560 850 m*
1584 833 1590 848 ¹
1617 839 1642 854 ¹*
1687 839 1690 854 '

231 929 338 1012 δρᾶμα
365 921 511 1014 ἐποιήθη
540 922 817 994 ἓπτακαιδεκατόν
847 929 986 1014 scripsit,
1035 929 1204 1014 opinantur
1235 950 1312 996 sane
1340 933 1445 1016 vulgo,

231 1037 361 1117 propter
387 1025 533 1117 ἐποιήθη
563 1031 642 1096 illud
669 1032 880 1116 potissimum,
914 1033 1053 1098 numeris
1085 1033 1148 1098 illis
1177 1039 1274 1117 quota
1295 1033 1405 1101 fabula
1426 1057 1447 1100 a

231 1141 327 1220 poeta
354 1135 534 1219 conscripta
560 1137 602 1202 sit
632 1135 781 1219 iudicari,
816 1142 849 1201 et
876 1137 1025 1218 quoniam
1051 1142 1184 1218 uterque
1206 1157 1356 1206 uumerus
1379 1140 1445 1223 opi·

231 1239 316 1305 nioni
348 1245 520 1324 repugnat,
552 1239 714 1324 corrigunt
735 1259 807 1304 eum
830 1238 932 1304 donee
964 1245 1117 1322 congruat
1140 1245 1195 1304 aut
1217 1240 1364 1306 abiciunt.
1412 1248 1446 1308 at

232 1339 378 1406 λέλεκται
414 1342 493 1408 illud
529 1343 632 1408 lucem
669 1343 783 1430 accipit
820 1343 860 1406 ab
883 1342 1066 1426 ,Andronici
1100 1342 1141 1408 de
1169 1343 1303 1410 Platone
1339 1345 1446 1412 verbis

233 1433 357 1522 οὗτινος
381 1443 422 1508 τὰ
450 1439 598 1530 ὁράματα
624 1441 700 1509 τάδε
722 1445 885 1529 λέγονται,
912 1446 931 1512 i.
955 1467 982 1512 e.
1001 1446 1035 1511 in
1058 1447 1212 1530 catalogis
1231 1443 1475 1534 recesserunt

233 1554 265 1614 et
286 1549 515 1633 Aristophanes
550 1550 698 1632 quoniam
731 1549 885 1615 ambabus
912 1551 995 1616 notis
1024 1549 1110 1615 idem
1140 1549 1281 1616 indicare
1304 1537 1468 1618 voluisse¹

232 1651 391 1736 putandus
414 1659 476 1738 est,
499 1653 619 1719 ordinis
642 1651 818 1736 cuiusdam,
842 1653 931 1720 ouius
947 1653 1101 1719 rationem
1115 1654 1315 1739 ignoramus,
1338 1675 1445 1722 nume-

233 1776 302 1822 rum
325 1757 421 1822 etiam
443 1757 476 1822 in
497 1756 659 1822 Alcestide
681 1756 877 1822 iudicaverit.

319 1877 362 1942 At
395 1876 575 1942 scholarum
608 1877 640 1940 in
668 1896 760 1942 usum
791 1876 927 1946 fortasse
953 1877 1016 1942 iam
1044 1877 1122 1944 satis
1151 1879 1280 1960 antiquo
1303 1885 1446 1964 tempore

228 2001 304 2046 ⁴cum
333 1987 486 2065 excerpta
512 1987 544 2046 et
561 1981 718 2064 florilegia
744 1987 810 2048 tum
833 2003 873 2046 ex
894 1982 1015 2064 ingenti
1037 1982 1235 2064 quorundam
1258 1985 1447 2068 scriptorum

234 2086 316 2150 mole
339 2079 450 2151 selecti
471 2086 544 2150 libri
566 2086 664 2150 multo
685 2105 744 2152 usu
766 2086 1064 2169 frequentabantur3
1094 2093 1142 2152 est
1161 2087 1216 2152 ubi
1238 2087 1298 2153 hoc
1322 2094 1446 2154 tantum

233 2187 327 2254 modo
357 2189 398 2254 ab
427 2189 555 2254 interitu
585 2196 713 2256 servata
741 2191 804 2255 sint
833 2191 951 2274 scripta
977 2191 1146 2255 minutiora
1172 2229 1212 2240 —-
1234 2191 1446 2258 luculentissi-

233 2311 317 2356 mum
351 2294 532 2376 exemplum
565 2293 829 2376 epigrammatum
857 2291 1015 2378 στέφανοι
1046 2331 1088 2340 -
1112 2299 1145 2358 11
1166 2294 1264 2358 multo
1287 2295 1381 2378 plura
1395 2296 1448 2360 -ita

233 2395 426 2460 interierunt.
477 2417 551 2460 nam
580 2397 731 2462 coartatis
761 2395 874 2461 studiis
897 2401 1103 2462 exarescente
1126 2397 1236 2480 populi
1257 2397 1385 2480 ingenio
1408 2419 1447 2464 ea

233 2505 366 2584 11111111,
395 2519 477 2582 quae
505 2500 581 2566 inde
608 2521 629 2564 a
650 2500 760 2585 pueris
783 2519 893 2564 omnes
915 2500 1062 2564 manibus
1085 2499 1262 2581 animisque
1284 2502 1444 2585 tenebant,

234 2608 361 2668 servata
384 2609 465 2669 sunt.
510 2605 555 2668 ita
576 2603 784 2687 Theognidea
806 2604 945 2688 sylloga,
967 2602 1063 2668 valde
1084 2603 1141 2667 illa
1163 2603 1309 2687 antiqua,
1337 2605 1446 2688 vigen-

233 2705 316 2772 tibus
343 2707 439 2772 etiam
457 2708 570 2773 litteris
593 2729 656 2774 non
679 2708 781 2773 solum
800 2707 995 2790 Theognidis
1018 2706 1077 2772 sed
1099 2708 1195 2772 etiam
1216 2707 1350 2772 ahenum
1370 2729 1445 2792 poe-

233 2815 335 2874 tarum
357 2811 446 2876 velut
467 2812 569 2876 Eueni
599 2817 631 2876 et
650 2811 786 2877 fortasse
809 2810 980 2877 Simonidis
1007 2811 1136 2876 maioris
1158 2811 1283 2894 integra
1304 2813 1446 2876 carmina

232 2913 410 2998 perierunt,
443 2921 556 2998 postea
585 2928 662 2980 vero
692 2916 818 2980 omnino
850 2915 972 2998 elegiae
1003 2919 1137 2981 veteres.
1190 2915 1334 3000 syllegae
1364 2915 1446 2981 tales

233 3035 333 3098 usque
360 3017 403 3082 ad
425 3019 635 3103 Byzantinos,
664 3019 780 3102 partim
800 3019 895 3084 etiam
918 3018 1040 3112 adnuos
1062 3024 1275 3103 pervenerunt
1297 3018 1446 3084 1111111111-

233 3119 389 3205 bicorum,
418 3140 483 3203 qua
505 3123 642 3188 Tzetnae
665 3123 715 3188 usi
735 3129 824 3206 suut,
837 3121 861 3208 1)
885 3123 1110 3207 bucolicorum,
1139 3121 1377 3208 hymnorum,')
1405 3143 1446 3188 ex

233 3224 346 3304 quibus
369 3225 481 3290 ultima
502 3231 576 3309 post
597 3227 744 3292 Proclum
768 3227 907 3311 demum,
931 3227 1020 3292 cuius
1043 3227 1185 3292 carmina
1200 3228 1351 3311 continet,
1374 3247 1445 3292 con·

234 3332 305 3391 suta
337 3332 403 3412 est,
436 3327 579 3394 delectus
612 3335 718 3395 autem
748 3351 788 3396 ex
817 3331 935 3416 Lysiae
965 3337 997 3396 et
1023 3323 1225 3414 Antiphontis
1252 3330 1446 3396 orationibus

234 3429 306 3494 olim
329 3431 422 3496 aliter
444 3432 607 3516 dispositis
626 3433 675 3520 (ut
698 3434 823 3500 codices
847 3435 948 3500 nostri
969 3453 1009 3499 ex
1031 3434 1175 3498 mutilato
1190 3433 1359 3517 propagati
1375 3453 1446 3499 esse

237 3531 298 3597 dici
327 3555 390 3601 non
416 3537 553 3621 possint,
579 3536 665 3620 quod
695 3559 724 3602 v.
748 3557 773 3602 1.
800 3538 832 3601 in
859 3537 1020 3602 Dinareho
1050 3534 1182 3619 cogitari
1212 3542 1297 3601 certe
1327 3538 1446 3620 potest)

235 3656 402 3720 superesse
426 3659 524 3724 supra
544 3640 620 3706 dixi.
666 3641 730 3704 aha
752 3640 896 3706 eiusdem
917 3640 1044 3723 generis
1063 3640 1224 3723 exempla,
1257 3659 1338 3722 quae
1361 3639 1445 3704 codi-

322 3876 348 3943 1)
376 3875 453 3929 Nihil
479 3875 542 3929 miri
565 3874 648 3930 habet
668 3874 740 3944 quod
761 3874 826 3928 hacc
849 3875 958 3945 sylloge
982 3874 1071 3929 verbis
1096 3875 1126 3926 ἐν’
1148 3873 1178 3926 di
1202 3879 1260 3932 τοῖς
1277 3879 1325 3925 τοῦ
1343 3871 1445 3926 Ἰππώ-

232 3979 331 4019 νακτος
349 3969 456 4030 στίχοις
474 3968 617 4033 lappaceis
632 3961 802 4031 significatur
821 3961 895 4016 said.
915 3977 936 4015 s.
949 3978 974 4014 v.
993 3963 1111 4034 Ἑρμίας.
1147 3963 1266 4014 ceterum
1289 3975 1381 4012 versus
1405 3959 1443 4014 ibi

234 4046 383 4116 descriptus
402 4049 545 4117 Εὐνοῦχος
564 4048 602 4100 ὢν
619 4053 666 4101 καὶ
686 4049 783 4106 δοῦλος
801 4046 883 4119 ἦρχεν
900 4049 1027 4118 Ἑρμείας
1045 4049 1118 4114 (nam
1137 4045 1236 4100 Suidae
1252 4061 1341 4114 nugae
1360 4045 1442 4100 nihili

235 4133 309 4202 sunt)
330 4133 504 4189 Aeschrionis
531 4135 628 4198 fuerit,
656 4134 731 4188 cuius
754 4133 874 4187 carmina
893 4133 1014 4201 syllegae
1030 4133 1078 4186 isti
1094 4133 1202 4186 inerant
1222 4131 1255 4186 cf.
1275 4148 1369 4186 versus
1387 4131 1445 4185 eius

235 4221 363 4274 aTzetza
381 4224 503 4275 servatos
520 4221 644 4276 Meinehe
662 4222 733 4289 poet.
752 4219 819 4273 chol.
839 4235 885 4287 pg.
906 4218 964 4274 138.

321 4323 349 4392 1)
374 4323 476 4388 Audio,
500 4325 643 4378 nonnullos
665 4323 771 4392 opinari
793 4321 945 4376 Himerium
968 4319 1126 4389 anthologia
1149 4338 1180 4374 ex
1204 4321 1296 4390 lyricis
1316 4320 1445 4375 Alcmana

234 4407 333 4463 Alcaeo
357 4410 500 4479 Sapphone
531 4409 669 4464 Simonide
696 4409 758 4463 aliis
785 4408 857 4462 faeta
877 4423 956 4461 usum
984 4424 1051 4462 esse.
1088 4406 1160 4476 quod
1181 4409 1214 4461 ut
1240 4405 1299 4460 11111
1322 4407 1444 4474 potuisse

234 4496 344 4550 minime
369 4513 451 4566 nego,
474 4496 514 4550 ita
538 4513 584 4550 our
603 4496 707 4550 factum
731 4511 789 4550 esse
814 4495 937 4549 credatur
958 4493 1078 4549 nondum
1100 4493 1186 4547 video.
1226 4509 1315 4547 nonne
1333 4491 1443 4561 Simpli-

233 4582 291 4637 cius
308 4583 478 4637 Parmenidis
495 4581 665 4654 Empedoclis
683 4581 859 4650 Anaxagorae
878 4581 984 4653 seriptis
1003 4580 1119 4649 integris
1137 4595 1202 4635 usus
1222 4578 1285 4636 est?
