3666 5296
384 407 436 464 168
948 401 984 458 11.
1004 403 1030 456 3.

383 579 417 646 in
444 597 507 662 quo
534 575 676 643 scholion
703 573 783 640 illud
802 573 887 640 lectu
914 572 1134 638 difficillimum
1152 571 1295 638 Walzius
1321 571 1471 656 neglexit
1517 571 1602 655 quod
1629 573 1643 594 ·

383 701 448 748 non
483 679 679 746 mirabuntur
713 678 769 761 qui
804 682 925 760 quanta
955 683 988 742 et
1016 675 1222 760 neglegentia
1246 681 1279 740 et
1306 675 1460 740 violentia
1487 673 1602 740 Walaii

384 783 559 868 Gregorius
581 801 623 849 ex
652 779 808 866 Gregorio
836 781 908 864 ipso
938 786 971 845 et
1000 779 1180 845 scholiastis
1207 777 1351 844 eiusdem
1373 784 1524 844 consutus
1553 778 1626 861 sit,¹

384 886 598 972 cognoverint
649 883 798 950 adhibitis
831 883 929 967 igitur
961 887 1138 948 ceterorum
1164 902 1244 965 quos
1273 881 1417 948 Walzius
1445 882 1603 966 expressit

384 989 528 1059 codicum
549 987 779 1073 supplementis
802 986 944 1052 scholion
964 985 1044 1052 illud
1065 987 1100 1050 in
1121 985 1205 1052 hune
1218 985 1348 1052 modurn
1363 986 1504 1052 scribere
1518 985 1600 1050 lieet

383 1089 404 1182 ἡ
436 1083 517 1158 οὖσα
547 1089 639 1178 (quid
670 1090 732 1157 hoc
758 1090 819 1157 sibi
847 1089 939 1176 velit,
972 1088 1091 1155 docear
1116 1087 1227 1175 velim)
1252 1084 1418 1174 Πειρίθου
1438 1082 1604 1165 ὑπόθεσίς

382 1183 474 1264 tuear
495 1189 588 1284 αὕτη·
619 1192 799 1280 Πειρίθους
819 1189 880 1259 ἐπὶ
893 1189 1103 1280 Περσεφόνης
1123 1187 1300 1280 μνηστείαν
1314 1189 1492 1270 riguisse
1505 1213 1603 1256 κατα-

383 1297 446 1385 βάς
477 1293 634 1386 τιμωρίας
664 1293 754 1379 ἔτυχε
779 1301 837 1384 τῆς
863 1290 1069 1384 πρεπούσης·
1108 1287 1204 1374 αὐτὸς
1231 1293 1291 1379 μὲν
1317 1293 1377 1382 γάρ
1399 1293 1459 1360 ἐπὶ
1481 1293 1605 1382 πέτρας

383 1398 536 1492 άκινήτοο
590 1397 741 1490 καθέδρᾳ
791 1398 925 1488 πεδηείς
973 1398 1157 1485 δρακόντων
1201 1397 1391 1487 ἐφρουρεῖτο
1430 1396 1602 1482 χάσμασιν,

388 1505 513 1596 Θησεὺς
543 1501 580 1572 δέ
605 1502 663 1572 τὸν
693 1502 790 1593 φίλαν
822 1502 1051 1590 ἐγκαταλιπεῖν
1082 1500 1215 1589 αἰσχρὸν
1231 1492 1416 1591 Ιἡγούμενος
1437 1497 1519 1569 iaris
1541 1494 1604 1584 εἶχε

384 1607 442 1698 τὴν
468 1605 636 1684 ἔν”Αιάου
665 1605 756 1697 ζωήν.
800 1604 860 1673 έπί
888 1605 926 1674 δὲ
956 1607 1014 1674 τὸν
1034 1605 1200 1696 Κέρβερον
1217 1603 1382 1695 Ἡρακλῆς
1399 1603 1604 1685 ἀποσταλεὶς

383 1708 440 1782 ὑπ’
469 1704 666 1800 Εὐρυσθέως
695 1715 753 1778 τοῦ
784 1710 843 1795 μέν
876 1710 982 1800 θηρὸς
1010 1708 1070 1800 βίη
1099 1709 1319 1797 περιεγένετο,
1357 1709 1433 1789 τοὺς
1461 1708 1499 1777 δέ
1528 1702 1605 1796 περὶ

388 1813 499 1906 Θησέα
524 1811 633 1903 χάριτι
657 1817 723 1880 τῶν
744 1811 888 1896 χθονίων
904 1819 993 1880 θεῶν
1014 1818 1071 1904 τῆς
1093 1809 1262 1902 παρούσης
1285 1809 1424 1902 ἀνάγκης
1445 1813 1604 1897 ε’ξέίαβεν,

384 1915 446 2009 μίη
466 1909 587 2006 πράξει
617 1916 675 1984 καί
706 1916 764 1985 τὸν
795 1911 1036 2001 άνθιστάμενον
1060 1913 1297 2006 χειρωσάμενος
1320 1915 1378 1984 καὶ
1404 1916 1496 2002 παρὰ
1517 1919 1606 1982 θεῶν

384 2018 477 2112 χάριν
506 2021 616 2108 λαβὼν
648 2020 706 2088 καὶ
733 2022 964 2105 άυστυχοῑντας
992 2019 1126 2111 ἐλεήσας
1151 2017 1275 2110 φίλους.
1318 2016 1338 2110 ἡ
1366 2019 1403 2088 δέ
1424 2023 1482 2108 τῆς
1503 2022 1606 2109 σοφῆς

391 2122 614 2214 Μελανίππης
638 2122 727 2193 ἐστίν
749 2122 828 2214 αὕτη
851 2149 919 2192 κ.τ.
934 2120 960 2194 έ.
1121 2197 1128 2210 ⁸

474 2230 598 2310 Quibus
631 2231 786 2316 reputatis
819 2251 913 2298 nemo
945 2231 1049 2297 iustae
1083 2231 1270 2314 tragoediae
1299 2231 1472 2314 imaginem
1502 2229 1606 2294 animo

387 2334 449 2404 sibi
469 2355 533 2402 non
554 2333 772 2402 conformabit
816 2334 920 2401 fateor
939 2340 1059 2418 autern,
1081 2334 1160 2399 mihi
1182 2339 1215 2400 et
1237 2334 1427 2419 sapientiam
1450 2340 1482 2401 et
1504 2338 1604 2398 artem

387 2437 507 2506 Critiae
535 2437 757 2504 admirandam
778 2437 896 2522 videri,
918 2439 972 2520 qui
994 2436 1156 2504 Theseum
1177 2457 1241 2503 non
1264 2439 1395 2504 sceleris
1418 2437 1478 2504 sed
1500 2436 1605 2502 amiei-

386 2541 451 2609 tiae
473 2541 630 2609 consortio
653 2561 725 2608 oum
746 2541 888 2607 Pirithoo
911 2541 1109 2607 coniunctum
1133 2561 1219 2626 esse,
1243 2541 1413 2606 Herculem
1435 2561 1499 2606 non
1518 2540 1605 2605 labu-

386 2645 488 2714 losam
506 2645 641 2713 bestiam
664 2645 724 2712 sed
745 2651 870 2712 torvum
884 2645 962 2711 iun's
977 2644 1141 2711 infernalis
1157 2643 1358 2711 defensorem
1373 2645 1517 2729 vincere,
1541 2663 1606 2710 see-

386 2749 463 2816 lcris
493 2768 630 2834 poenam
657 2769 721 2815 non
752 2749 899 2832 abrumpi
920 2767 1004 2814 novo
1028 2749 1149 2814 scelere
1171 2749 1320 2832 voluerit,
1351 2748 1410 2814 sed
1425 2745 1606 2830 condonari,

386 2858 556 2938 postquam
578 2852 768 2919 Tartareum
796 2871 905 2935 regem
931 2851 1052 2936 duplex
1079 2851 1280 2918 firmissimae
1309 2851 1469 2917 amicitiae
1501 2871 1605 2918 exem-

386 2955 475 3042 plum
509 2954 728 3023 misericordia
752 2955 917 3041 permovit.
930 2955 956 3042 ⁸)
1008 2956 1061 3021 vel
1088 2956 1192 3039 magis
1219 2962 1325 3022 autern
1354 2957 1493 3022 laetatus
1524 2961 1603 3038 suni,

387 3078 458 3126 eum
478 3060 576 3126 talem
597 3064 726 3145 poetam
744 3079 780 3126 se
803 3058 934 3144 dignum
956 3059 1149 3144 sculptorem
1167 3059 1328 3125 invenisse
1353 3059 1429 3125 vidi.

472 3162 557 3230 Olim
585 3162 618 3228 in
641 3162 836 3228 Albanorum
864 3163 942 3228 villa
971 3162 1189 3248 anaglyphum
1215 3163 1331 3247 extitit,
1362 3183 1504 3248 nupera
1526 3162 1603 3228 'Por-

387 3266 474 3334 lonia
502 3265 583 3332 viro
610 3265 785 3352 principe
810 3266 844 3331 in
868 3265 986 3350 privati
1007 3267 1110 3332 musei
1133 3266 1273 3332 claustra
1296 3266 1487 3346 coniectum,
1521 3265 1607 3349 quod

386 3389 459 3436 oum
486 3367 615 3455 Orpheo
648 3368 896 3451 Peliadibusque
930 3375 1094 3452 tamquam
1122 3370 1332 3435 clarissimum
1365 3369 1492 3436 laudari
1526 3371 1607 3436 solet

386 3471 551 3558 exemplar
579 3477 612 3538 et
641 3471 710 3538 eius
733 3471 986 3558 anaglyphorum
1008 3472 1149 3556 generis,
1181 3471 1267 3554 quod
1290 3473 1506 3540 subtilissimis
1527 3473 1605 3540 artis

385 3575 519 3662 legibus
540 3576 620 3644 satis
658 3576 771 3661 iaciat,
804 3582 837 3642 et
864 3576 932 3642 eius
959 3573 1195 3660 pulcritudinis,
1234 3576 1392 3658 gravitate
1424 3576 1605 3655 adstrictae,

385 3700 481 3766 quam
509 3700 568 3748 nos
599 3678 771 3766 Graecam,
803 3679 992 3746 Aristoteles
1023 3677 1160 3745 ethicam
1188 3679 1347 3746 vocavit.⁹
1399 3679 1529 3746 exhibet
1550 3679 1604 3746 ille

473 3899 502 3971 8)
519 3901 559 3956 hir
574 3899 692 3956 Diodoro
710 3899 757 3954 IV.
773 3900 817 3954 26·
836 3897 938 3968 conligi
955 3899 1061 3966 potest,
1087 3897 1279 3968 Proserpinam
1296 3899 1408 3954 Plutoni
1428 3899 1607 3968 persuasisse,

386 3987 418 4042 ut
433 3985 585 4062 Pirithoum
602 3984 714 4041 Herculi
732 3983 904 4040 condonaret.
941 3983 1119 4039 consimiliter
1135 3984 1215 4039 finxit
1235 3984 1348 4040 Olidius
1367 3985 1573 4051 mistiam

595 4070 672 4138 Quod
689 4071 752 4140 pius
768 4070 804 4125 ud
821 4085 915 4126 manes
932 4070 1052 4126 Theseus
1072 4087 1160 4126 comes
1179 4071 1248 4126 isset
1265 4073 1360 4137 amico,

629 4157 788 4212 Tartareum
808 4155 902 4212 dicunt
917 4156 1066 4212 indoluisse
1084 4156 1173 4212 deum.

472 4259 501 4329 9)
519 4257 657 4325 Quantum
677 4276 709 4315 or
726 4258 837 4330 gypseis
856 4260 960 4329 ectypis
978 4257 1135 4314 concludere
1153 4260 1232 4323 licet.
1251 4259 1302 4314 hoc
1319 4258 1391 4329 quod
1402 4261 1526 4314 tenemus
1541 4275 1606 4314 sna·

385 4343 482 4416 glyphi
501 4346 652 4416 exemplum
669 4345 758 4414 opifici
776 4344 892 4401 debetur
907 4361 962 4399 non
979 4345 1061 4400 nimis
1079 4344 1216 4402 adcurate.
1247 4347 1281 4402 cd
1295 4363 1373 4416 quem
1386 4349 1415 4400 et
1427 4344 1498 4400 illud
1510 4345 1609 4400 vitium

385 4430 486 4496 rutero,
514 4430 587 4502 quod
610 4431 737 4488 Herculis
765 4431 859 4486 dextra
876 4431 994 4486 Pirithoi
1021 4447 1128 4498 umero,
1153 4447 1233 4502 quem
1254 4433 1370 4487 fortasse
1387 4432 1468 4502 tangi
1484 4431 1608 4486 voluerat

386 4515 500 4582 artilex,
528 4517 673 4584 occulitur,
702 4519 731 4576 et
758 4517 830 4591 quod
857 4516 893 4572 ed
915 4516 1032 4576 Pirithoi
1055 4517 1138 4591 pedes
1160 4517 1289 4592 pharetra
1313 4522 1342 4574 et
1367 4533 1445 4578 arcus
1463 4518 1504 4574 ite
1524 4517 1608 4593 positi
