3666 5296
375 403 428 458 190
939 404 975 460 Π.
993 407 1019 460 6.

374 576 500 660 Augam
521 595 592 644 esse
612 577 734 642 numeri
747 577 877 643 alterius
891 597 1053 661 versuum,
1075 597 1155 660 quos
1170 577 1387 663 supraposui,
1409 577 1583 644 certissime

375 681 534 765 evincunt,
567 700 638 745 cum
662 681 695 746 in
723 680 836 746 ecdem
859 681 984 746 senario
1012 688 1043 746 et
1066 688 1257 782 qnapaestus
1280 687 1313 747 et
1335 682 1385 748 bis
1406 681 1583 766 tribrachys

374 783 534 850 adhibitus
556 785 605 850 sit.
614 783 640 871 ⁵)
683 791 821 850 ceterum
841 785 874 850 in
894 785 993 850 Musis
1014 785 1195 852 narratione
1217 785 1386 870 Euripides
1408 805 1472 851 uno
1492 786 1582 869 signo

374 909 437 952 666
478 889 624 972 ambigue
667 895 776 955 auctor
817 888 1037 956 manifestatur
1076 895 1248 974 propterea
1288 889 1374 972 quod
1415 889 1582 974 Telepho

374 1012 504 1058 nomen
537 1013 582 1058 ex
615 999 751 1058 eventu
784 993 1002 1081 adhaesit.⁶)
1057 1000 1164 1078 etymo
1196 993 1357 1060 nominum
1384 997 1583 1079 propriorum

375 1097 470 1162 etiam
488 1095 561 1163 ficto
583 1117 638 1162 cur
660 1103 692 1163 et
713 1117 775 1179 quo
798 1097 892 1164 modo
912 1096 1079 1181 tragoedia
1096 1098 1143 1162 uti
1156 1097 1271 1182 possit,
1291 1097 1384 1164 docet
1398 1097 1440 1162 ad
1454 1098 1503 1162 Ai.
1519 1105 1583 1162 430

374 1200 620 1289 Hermannus.⁷)
663 1208 697 1267 at
726 1201 895 1287 Euripides
926 1208 1055 1286 praeter
1086 1202 1232 1285 vulgaria
1265 1209 1297 1267 et
1329 1221 1407 1267 vera
1438 1202 1584 1286 exempla

374 1305 461 1370 velut
492 1305 625 1386 Penthei
651 1305 812 1391 Polynicis
838 1304 1072 1390 Parthenopaei
1101 1305 1256 1390 Meleagri
1287 1304 1493 1392 (quamquam
1524 1305 1584 1370 hoc

374 1408 438 1474 iam
470 1410 548 1476 satis
581 1408 691 1495 putide
713 1409 832 1476 dictum
858 1409 921 1497 est)
948 1411 1049 1475 multa
1072 1409 1107 1474 id
1132 1429 1232 1493 genus
1258 1409 1387 1475 admisit
1411 1411 1500 1476 nullo
1521 1409 1582 1474 alic

375 1513 451 1598 fine,
471 1513 533 1580 nisi
553 1520 588 1578 ut
609 1513 814 1598 sophisticam
833 1520 993 1599 promeret
1015 1512 1231 1580 eruditionem.
1275 1519 1404 1598 praesto
1420 1514 1498 1578 mihi
1512 1519 1584 1580 sunt

375 1638 438 1682 non
459 1617 591 1682 multum
613 1619 778 1701 quaerenti
798 1617 967 1702 Capaneus
987 1615 1112 1704 (Suppl.
1132 1616 1224 1705 496),
1246 1618 1304 1683 166
1321 1616 1427 1705 (661),
1448 1616 1583 1684 Alexan-

375 1720 434 1788 der
455 1727 487 1786 et
507 1720 731 1788 Andromacha
749 1721 934 1808 (Alexandr.
953 1728 1004 1806 66,
1022 1719 1131 1809 1679),
1153 1720 1330 1806 Aphrodite
1350 1720 1482 1808 (Troad.
1498 1721 1584 1809 989),

376 1825 527 1892 Theonoe
557 1823 641 1912 (Hel.
667 1824 733 1913 13),
767 1825 875 1892 Thoas
906 1823 987 1912 (lph.
1013 1826 1049 1891 Τ.
1069 1833 1109 1892 32
1144 1825 1182 1890 ct.
1211 1824 1371 1911 Aristoph.
1406 1826 1514 1891 Lemn.
1541 1824 1583 1912 2),

374 1928 534 2014 Amphion
558 1935 591 1995 ct
606 1929 725 1996 Zethus
752 1928 891 2017 (Anticp.
912 1918 974 1996 '181
999 1949 1046 2012 sq.
1085 1929 1123 1994 cf.
1149 1929 1308 2014 Aristoph.
1331 1929 1458 1996 Thesm.
1481 1930 1521 1994 ΙΙ.
1542 1929 1584 2016 9),

374 2033 491 2100 Atreus
522 2032 605 2120 (lph.
623 2034 694 2100 Aul.
718 2034 811 2122 322),
841 2054 975 2116 quornm
1001 2034 1141 2100 omnium
1165 2040 1256 2098 aetas
1277 2040 1355 2099 nota
1380 2040 1443 2099 est:
1478 2033 1584 2115 itaque

376 2138 471 2203 etiam
502 2137 543 2204 de
569 2139 690 2204 Boeoto
717 2138 918 2224 Melanippae
950 2137 1131 2225 captivacss)
1163 2158 1226 2204 non
1258 2137 1467 2204 haerebimus.
1522 2157 1584 2202 non

375 2241 538 2308 fortuitum
562 2248 623 2328 est,
655 2242 741 2325 qnod
761 2242 931 2327 Euripides
957 2262 1028 2308 sero
1051 2242 1177 2307 demum
1199 2240 1242 2307 ad
1263 2242 1345 2308 tales
1368 2242 1509 2326 argrutias
1531 2240 1583 2305 de-

376 2345 512 2431 scendit,
535 2345 593 2412 sed
615 2347 694 2412 certi
715 2346 878 2413 cuiusdam
897 2346 1043 2431 magistri
1057 2343 1252 2412 hauddubie
1265 2345 1386 2430 profert
1401 2345 1582 2410 doctrinam.

376 2471 483 2535 quem,
506 2451 630 2518 etiamsi
651 2471 793 2537 possem,
814 2472 877 2517 non
900 2450 1061 2517 studerem
1082 2449 1144 2516 hoc
1165 2451 1234 2515 loco
1248 2449 1415 2534 indagare,
1437 2450 1584 2532 quoniam

375 2575 438 2622 non
458 2555 525 2620 sine
547 2555 650 2640 longis
671 2555 859 2640 ambagibus
878 2554 921 2620 66
941 2555 1067 2638 Augam
1088 2560 1249 2620 revertere
1269 2573 1408 2639 possum.

463 2660 500 2724 In
521 2659 648 2726 Electra
670 2666 731 2726 367
756 2679 824 2742 sqq.
853 2659 983 2725 Orestes
1008 2657 1119 2724 audita
1136 2657 1257 2724 Rustici
1281 2658 1502 2742 sanctimonia,
1532 2658 1584 2740 qui

377 2783 449 2829 eum
471 2771 652 2848 rogaverat,
670 2769 706 2830 ut
726 2764 761 2830 in
774 2764 926 2849 pauperis
940 2761 999 2829 666
1013 2762 1153 2850 liberalis
1168 2761 1302 2846 hospitis
1316 2763 1476 2846 tugurium
1490 2763 1584 2828 intra-

377 2874 435 2952 ret,
458 2867 537 2934 hacc
558 2867 809 2953 philosophatur.
838 2889 910 2934 non
932 2887 1017 2934 6666
1039 2867 1197 2951 signum,
1222 2886 1293 2949 quo
1313 2867 1445 2932 bonum
1465 2867 1585 2932 virum

378 2971 596 3057 dignoscas,
630 2993 710 3038 curn
737 2979 895 3039 naturae
921 2971 1108 3037 hominum
1130 2975 1234 3036 certa
1251 2990 1381 3036 norma
1403 2969 1586 3053 distingui

377 3083 577 3162 nequeant,
614 3097 733 3160 neque
768 3077 864 3143 cuim
896 3097 974 3142 cum
1008 3075 1202 3158 sanguinis
1232 3075 1433 3140 nobilitate
1466 3094 1586 3157 neque

367 3200 458 3246 cum
490 3179 637 3248 divitiis
668 3188 778 3267 parta
808 3181 922 3248 animi
955 3179 1192 3245 nobilitatem
1226 3179 1459 3245 coniunctam
1494 3197 1584 3244 esse.

464 3419 492 3488 3)
510 3417 673 3488 Reiragatur
697 3435 766 3473 6666
787 3417 842 3473 nisi
859 3417 940 3472 fallor
957 3433 1051 3472 versus
1068 3414 1195 3470 Androm.
1213 3415 1274 3470 333.
1312 3415 1358 3484 qui
1373 3415 1514 3470 Menandri
1530 3417 1586 3469 tres

377 3521 471 3562 versus
493 3507 563 3561 male
586 3506 706 3562 intrusos
728 3507 840 3576 excipit,
863 3506 935 3560 male
957 3504 1137 3574 interpolatus
1156 3506 1209 3571 (666
1227 3503 1297 3557 enim
1313 3503 1501 3557 Andromacha
1517 3503 1587 3556 inter

359 3567 485 3648 ι66116166
501 3593 579 3648 valde
596 3593 784 3664 interpolatae)
801 3595 834 3648 61
849 3591 955 3646 histum
975 3591 1106 3646 obstruat.
1142 3593 1236 3644 contra
1254 3587 1332 3643 modo
1353 3589 1473 3644 codicum
1492 3590 1586 3644 lectio·

378 3697 438 3734 nem
458 3679 492 3744 66
511 3697 549 3734 rs.
567 3680 621 3736 334
638 3696 741 3746 serves,
760 3679 858 3734 deletis
875 3679 1025 3736 330-334
1042 3677 1128 3732 oratic
1146 3679 1217 3730 sture
1235 3678 1348 3746 potest.

464 3768 491 3838 6)
509 3767 610 3822 Vereor
628 3784 662 3822 nc
681 3766 822 3837 Euripides
844 3763 971 3837 Τήλεφον
992 3782 1008 3818 6
1025 3762 1097 3836 θήλῃ
1117 3767 1145 3817 66
1160 3761 1254 3834 ἐλάφῳ
1274 3762 1443 3818 derivaverit.

465 3855 492 3922 7)
512 3854 600 3908 Μ6116
617 3857 645 3908 66
662 3853 822 3924 indisposita
840 3851 976 3922 congessit
993 3852 1138 3906 Elmsleius
1156 3850 1191 3904 66
1209 3849 1306 3903 Bacch.
1326 3851 1386 3904 508.

465 3942 493 4010 8)
515 3940 594 4010 Egm.
615 3941 680 4000 486,
710 3941 781 4010 qnod
802 3939 939 3994 Nauckius
966 3954 1106 4008 perperam
1130 3937 1166 3991 66
1187 3936 1371 4006 Melanippum
1399 3933 1586 4004 philosopham

378 4029 494 4094 rettulit,
515 4027 612 4097 inqua
627 4027 738 4082 nomina
750 4027 841 4096 pueris
854 4025 970 4081 fortasse
985 4040 1033 4095 per
1046 4025 1155 4094 Hippen
1172 4025 1201 4076 lx
1217 4028 1342 4095 μηχανῆς
1358 4022 1417 4076 dari
1435 4023 1587 4091 potuerant,

379 4130 542 4188 quamquam
565 4130 619 4168 non
638 4113 716 4168 valde
740 4113 924 4183 probabiliter.
963 4111 1034 4166 hunc
1056 4127 1120 4166 vcro
1143 4126 1249 4166 uersum
1267 4108 1302 4162 66
1321 4109 1455 4177 captivam
1471 4107 1588 4162 referen-

378 4205 443 4258 dum
470 4218 530 4258 esse
558 4218 590 4256 ex
608 4199 749 4256 Strabonis
778 4201 868 4256 verbis
892 4200 931 4254 Vl
947 4200 1000 4255 365
1023 4197 1213 4268 conligendum
1231 4199 1302 4261 erat,
1331 4197 1377 4265 qui
1396 4199 1589 4261 Μελανίππην

378 4289 428 4357 τὴν
445 4289 607 4362 δεσμώτιδα
625 4292 672 4340 καὶ
690 4287 739 4340 τὸν
759 4287 787 4350 ἐξ
803 4285 887 4354 αὐτῆς
907 4284 1034 4340 Βοιωτὸν
1052 4288 1191 4339 memorat.
1228 4285 1346 4338 ceterum
1365 4285 1393 4336 et
1411 4299 1442 4336 ex
1460 4281 1509 4334 hoc
1529 4284 1588 4348 ety-

379 4377 417 4432 mi
430 4393 481 4430 usu
499 4378 527 4429 et
544 4391 575 4429 ex
591 4374 642 4429 dec
660 4391 691 4428 ex
708 4373 833 4428 machina
850 4374 878 4428 in
895 4371 1056 4442 philosopha
1074 4373 1145 4426 certo
1157 4370 1277 4424 adhibito
1291 4369 1433 4431 discimus,
1451 4368 1522 4437 quod
1540 4383 1588 4436 per

379 4479 409 4518 se
430 4463 544 4518 maxime
567 4461 705 4531 probabile
728 4463 784 4530 666,
810 4463 950 4529 utramque
968 4457 1152 4529 Melanippum
1176 4456 1249 4512 inter
1265 4457 1378 4511 seriores
1396 4455 1501 4510 tabulas
1519 4453 1590 4509 rele-

379 4549 490 4608 rendam
509 4564 575 4605 esse.
