3626 5288
382 408 435 464 148
948 404 984 460 11.
1002 408 1030 460 2.

405 587 424 644 2
447 582 469 660 †
512 577 831 644 ANAPOMAXH.
875 575 970 642 doota
991 595 1056 661 per,
1072 577 1304 642 Demooratem.

556 680 661 747 Sohol
695 679 793 746 Andr.
823 684 887 744 445
909 677 1019 765 (Dind.
1043 680 1097 744 IV.
1122 686 1194 763 165,
1219 678 1274 766 10)
1313 672 1494 762 εἰλικρινῶς
1524 675 1599 754 τοὺς

555 788 614 850 τοῦ
635 782 800 870 δράματος
819 780 952 869 χρόνους
974 773 1034 848 οὐκ
1049 777 1121 848 ἔστι
1136 783 1261 865 λαβεῖν·
1282 777 1319 847 οὐ
1335 776 1525 846 δοδίδακται
1538 779 1599 867 γὰρ

553 883 753 976 Ἀθήνησιν.
797 881 816 954 ὁ
837 883 873 952 δὲ
890 881 1103 969 Καλλίμαχος
1127 881 1350 974 ἐπιγραφῆναί
1371 905 1453 973 φησι
1467 888 1507 972 τῇ
1522 908 1599 970 τρα-

556 987 659 1079 γῳδίᾳ
690 983 904 1078 Δημοκράτην
920 1039 1024 1056 .....
1061 984 1211 1076 φαίνεται
1245 987 1282 1054 δὲ
1315 987 1531 1074 γεγραμμένον
1560 985 1598 1054 τὸ

556 1095 665 1178 δρᾶμα
696 1089 834 1183 ἐνάρχῇ
855 1097 915 1159 τοῦ
936 1094 1247 1181 Πελοποννησιακοῦ
1275 1091 1430 1175 πολέμου.
1474 1100 1599 1178 ternpus

557 1199 674 1266 reotius
701 1217 797 1282 quam
820 1198 964 1284 plerique
984 1196 1195 1264 recentiorum
1217 1194 1360 1262 definivit
1380 1203 1473 1262 vetus
1496 1216 1598 1280 gram·

557 1303 706 1386 matieus;
727 1323 804 1368 nam
824 1301 948 1368 numeri
965 1301 1107 1367 fabulam
1122 1299 1213 1366 annis
1228 1294 1389 1365 430-24
1404 1299 1596 1382 adtribuunt,

555 1427 660 1489 neque
681 1406 817 1473 historia
838 1406 952 1474 obstat.

307 1586 312 1592 „
406 1513 470 1591 3†
513 1499 662 1592 δλιιμὲων
681 1505 715 1598 (δ
736 1508 792 1575 διδ
822 1507 996 1597 Ψωφῖδος)
1019 1515 1047 1573 2.
1072 1515 1145 1575 438.

546 1613 777 1700 Aristophanes
799 1613 973 1700 Byzantius
994 1612 1029 1678 in
1050 1605 1222 1678 Aleestidis
1244 1618 1441 1696 argumento.

338 1741 340 1748 ⁴
406 1721 470 1798 ιγ
514 1712 634 1794 αἴσιος.
689 1776 695 1786 ,
853 1724 927 1783 ante
949 1724 1023 1782 ιιι.
1091 1741 1097 1752 ·

560 1817 665 1886 Sehol.
687 1821 784 1888 Arist.
806 1822 880 1886 Pae.
906 1828 978 1886 114.
1005 1827 1076 1886 119.
1112 1819 1258 1886 Nubibus
1282 1825 1364 1883 1371
1380 1819 1427 1884 uti
1448 1839 1511 1883 non
1524 1839 1595 1903 pos-

559 1944 681 2010 sumus,
703 1924 830 1990 videtur
852 1924 936 1990 enim
953 1921 1167 2010 Phidippidae
1189 1913 1346 1990 institutio
1361 1922 1453 1988 alteri
1467 1921 1599 1992 editioni

559 2027 677 2094 deberi
734 2034 968 2116 argumentum:
1001 2027 1083 2092 Plut.
1111 2027 1223 2112 parall.
1246 2026 1320 2091 min.
1346 2032 1385 2090 38
1410 2023 1487 2110 (312
1505 2025 1545 2112 O)
1566 2057 1600 2078 =

560 2130 648 2197 Stob.
672 2131 756 2198 Flor.
778 2130 890 2196 LXIV.
916 2137 966 2196 35.
1005 2129 1139 2198 Ovidius
1161 2130 1254 2216 epist
1277 2129 1338 2194 ΧΓ
1353 2128 1408 2212 qui
1430 2128 1493 2194 alio
1515 2128 1600 2193 fonte

558 2255 622 2300 non
644 2241 694 2301 est
713 2255 799 2301 usus.
1624 2265 1630 2278 ·

408 2343 427 2401 5
450 2339 494 2419 t*
516 2328 717 2425 ἀλέξανδρος.
744 2347 771 2403 1.
794 2335 825 2422 β’
847 2343 922 2403 415.

559 2432 711 2508 Aelianus
733 2441 807 2507 Var.
830 2442 913 2507 Hist.
935 2441 975 2506 II.
999 2449 1028 2508 3.
1074 2447 1295 2526 argumentum
1320 2459 1385 2505 non
1410 2446 1461 2506 est
1481 2438 1601 2526 Hygini

559 2544 669 2611 fabula
696 2553 751 2630 91,
783 2566 858 2610 nam
887 2545 934 2610 ibi
957 2544 1108 2612 Paridem
1136 2543 1303 2610 Cassandra
1332 2543 1513 2629 adgnoscit,
1550 2544 1601 2608 hie

561 2655 671 2714 eontra
693 2669 766 2715 eum
788 2648 952 2734 adgnitum
974 2649 1177 2733 vaticinatur,
1199 2648 1243 2733 lg.
1261 2655 1311 2714 59.
1357 2647 1446 2714 euius
1461 2647 1601 2714 vatioinii

560 2750 683 2816 initium
703 2752 818 2836 fragm.
836 2761 899 2819 930
923 2773 995 2820 esse
1010 2752 1199 2818 Welekerus
1221 2750 1310 2817 vidit.
1347 2757 1441 2836 turpe
1457 2757 1519 2836 est,
1541 2751 1601 2817 hoe

559 2855 688 2939 neglegi
709 2877 731 2922 a
751 2856 1001 2941 fragmentorum
1023 2855 1211 2940 editoribus3
1237 2875 1311 2921 nam
1332 2875 1373 2920 ne
1390 2861 1521 2940 poterat
1535 2853 1600 2938 qui-

562 2956 636 3023 dem
659 2958 825 3026 Casandro
852 2961 885 3025 in
911 2959 976 3025 alia
1000 2960 1110 3025 fabula
1135 2958 1251 3024 induei.
1296 2965 1436 3024 eetemm
1457 2959 1490 3023 in
1512 2959 1600 3024 resti·

561 3062 681 3128 tuenda
709 3062 819 3130 fabula
843 3063 1059 3132 felicissimum
1085 3063 1184 3130 fuisse
1210 3059 1414 3128 Welokerum
1442 3063 1495 3128 vel
1520 3061 1600 3127 Har·

559 3173 676 3250 tungus
699 3167 862 3234 oonoessit.

405 3271 474 3349 ’οῒ
517 3259 699 3354 δνδρομέδα
721 3320 728 3335 .
752 3321 759 3335 .
783 3277 846 3335 412

563 3371 668 3439 Sehol.
690 3372 786 3440 Arist.
809 3373 937 3439 Thesm.
963 3380 1056 3440 1060.
1094 3376 1173 3441 Rau.
1197 3380 1249 3441 53.

411 3479 474 3557 Η
517 3471 894 3566 δνσιόπη..411-8.

562 3578 667 3646 Sohol.
689 3581 785 3647 Arist.
813 3581 891 3646 Rau.
917 3588 967 3649 53.
1010 3579 1248 3668 (Andromedae
1271 3581 1464 3648 mentionem
1484 3580 1603 3646 feeerat

560 3683 815 3772 Aristophaneo.)
854 3681 963 3750 διὰτί
991 3684 1035 3773 μὴ
1058 3681 1138 3750 ἄλλο
1167 3709 1200 3751 τι
1229 3688 1294 3750 τῶν
1324 3685 1391 3772 πρὸ
1421 3676 1530 3770 ὀλίγον
1552 3683 1602 3748 δι-

561 3786 747 3868 lagoenae
776 3785 831 3852 καὶ
858 3789 963 3853 καλῶν
984 3783 1170 3878 Ὑψιπύλης
1196 3792 1380 3855 Φοινισσῶν
1399 3777 1604 3874 Ἀντιόπηςς

561 3897 636 3976 post
656 3889 892 3957 Andromedam
915 3891 1012 3975 igitur
1026 3900 1108 3959 aeta.
1146 3899 1210 3958 408
1227 3891 1358 3960 Orestes
1373 3891 1478 3977 (loeta,
1499 3910 1602 3974 neque

563 4002 641 4080 407,
677 4003 740 4060 400
774 3993 905 4061 ohorum
932 3995 1077 4081 aooipere
1104 4002 1231 4082 poterat
1256 3996 1440 4083 Euripides,
1479 3995 1535 4078 qui
1562 3992 1604 4059 ad

560 4097 753 4164 Archelaum
767 4098 977 4182 migravisset.
987 4099 1013 4186 8)
1043 4107 1264 4184 argumentum
1278 4101 1444 4186 praeclare
1459 4098 1604 4184 exposuit

563 4200 638 4266 Otto
660 4201 753 4308 Jahn.
780 4200 946 4268 Arehaeol.
969 4202 1047 4268 Zeit.
1073 4210 1188 4300 ¹⁸5²&

476 4448 504 4515 3)
526 4445 560 4500 ln
579 4448 668 4501 animo
686 4445 753 4502 mihi
771 4451 844 4510 erat,
862 4447 896 4504 de
914 4449 971 4502 rite
988 4448 1125 4518 Euripidis
1141 4448 1361 4504 dissertationem
1379 4445 1504 4502 seribere.
1540 4461 1603 4502 nem

388 4531 489 4586 dudum
515 4533 582 4586 mihi
607 4533 781 4602 constiterat,
810 4536 906 4590 ustum¹
928 4551 989 4588 eum
1018 4551 1078 4590 esse
1096 4536 1164 4604 484,
1191 4539 1326 4591 mortuum
1344 4533 1449 4589 ultimis
1467 4532 1532 4588 anni
1550 4533 1602 4590 406
