3626 5288
369 368 421 423 lm
696 375 698 378 '
928 367 1008 424 HL

448 545 498 604 19.
543 535 584 602 de
607 537 666 608 hoc
691 540 787 604 versu
815 537 992 622 supplendo
1014 538 1089 606 vide
1111 540 1249 623 catalogi
1270 541 1450 608 fabulamm
1464 561 1572 608 nume-

363 648 507 708 mm72

451 751 500 809 21.
544 743 721 810 Protesilao
751 744 880 827 explicit
902 744 1008 810 littera
1030 747 1069 807 Π
1097 746 1275 812 Philocteta
1296 748 1406 832 incipit
1431 752 1478 832 (⁰;
1507 736 1576 814 fun·

359 847 542 914 dementum
569 847 665 930 igitur
692 845 922 912 emendationis
947 846 1047 912 deest.
1094 849 1232 932 spatium
1255 851 1400 934 expleret
1422 872 1452 917 v.
1475 871 1501 918 c.
1524 852 1576 916 Li·

359 951 510 1036 aymnius.

447 1061 498 1118 23.
543 1051 594 1116 hic
617 1071 742 1134 quoque
764 1051 911 1136 dubium,
933 1059 1038 1118 utrum
1060 1060 1133 1138 post
1158 1059 1189 1118 (D
1212 1057 1319 1121 statim
1334 1061 1374 1120 A
1397 1063 1507 1124 secuta
1522 1059 1574 1142 sit,

364 1157 530 1223 etiterum
553 1161 656 1220 tomus
679 1157 712 1220 in
731 1156 837 1222 medio
859 1157 985 1222 litterae
1007 1163 1117 1223 tenore
1139 1157 1245 1225 finitus
1261 1161 1314 1242 sit,
1337 1181 1378 1225 an
1394 1161 1475 1226 alius
1491 1162 1574 1227 litte-

358 1281 414 1326 rae
446 1259 563 1326 fabula.
614 1265 648 1323 at
678 1278 719 1324 ex
746 1261 786 1321 A
816 1259 883 1324 sine
912 1260 1065 1324 violentia
1090 1261 1209 1326 nullam
1229 1263 1262 1326 in
1283 1282 1396 1329 versus
1419 1262 1570 1348 dispones

359 1363 500 1430 fabulam
507 1412 516 1447 ,
544 1363 652 1445 itaque
675 1383 771 1446 aegre
794 1382 846 1427 me
867 1363 1006 1430 continui
1028 1364 1195 1444 quominus
1214 1359 1388 1453 Ὑψιπύλη
1412 1367 1446 1431 in
1468 1369 1572 1451 ipsum

358 1472 480 1533 textum
501 1466 685 1550 reciperem.

445 1577 495 1635 24.
530 1563 589 1654 Ἀρ
609 1571 614 1651 t
631 1566 746 1648 χέλαος
778 1569 896 1653 optime
916 1569 1019 1653 spatio
1042 1563 1201 1655 convenit,
1223 1572 1327 1655 possis
1350 1573 1447 1639 etiam
1470 1594 1572 1656 aeque
1609 1553 1614 1560 ’

356 1671 520 1739 commode
534 1667 591 1734 Ἀν
612 1671 616 1760 Ι
635 1668 760 1758 mydas,
785 1672 850 1736 alia
871 1673 980 1756 paullo
999 1671 1102 1738 minus
1125 1680 1210 1758 apta.

445 1783 496 1842 26.
538 1765 670 1860 Ἀλόπη
697 1781 818 1840 certum
846 1775 988 1860 videtur,
1017 1796 1093 1840 nam
1116 1796 1173 1842 sex
1195 1778 1319 1844 litteras
1342 1780 1480 1863 spatium
1504 1801 1568 1846 non

356 1879 456 1964 capit,
487 1898 591 1961 neque
620 1871 740 1965 Ἑκάβη
766 1879 887 1964 placet,
926 1899 967 1944 ne
997 1899 1038 1944 ex
1066 1883 1106 1942 A
1134 1881 1248 1964 pamm
1274 1881 1455 1948 fabularum
1485 1903 1568 1950 sum-

357 1989 446 2068 ptum
469 1982 518 2048 sit.
891 2050 893 2055 ,
1045 2028 1049 2038 ,
1141 2065 1144 2072 Ι
1255 2011 1257 2016 ·

444 2093 485 2150 26
509 2105 556 2168 sq.
600 2084 743 2150 ordinem
766 2091 888 2151 certum
901 2091 994 2170 puto,
1018 2087 1163 2168 quamvis
1178 2088 1284 2154 multis
1303 2089 1472 2174 suppletis;
1495 2110 1570 2155 nam

356 2189 451 2255 modo
481 2195 591 2256 teneas
622 2190 713 2252 ΕΠΕ
738 2188 861 2254 litteras
891 2189 946 2252 uni
973 2190 1141 2255 convenire
1172 2191 1274 2276 Epeo,
1304 2181 1461 2258 Helenam
1492 2213 1570 2258 vero

356 2293 449 2358 huius
472 2292 597 2357 litterae
618 2292 762 2356 ultimam
779 2291 878 2370 fuisse
895 2291 1051 2376 fabulam,
1074 2292 1159 2374 quod
1175 2313 1215 2358 ex
1231 2295 1340 2360 codice
1355 2296 1570 2361 Laurentiano

354 2396 498 2478 sequitm
530 2395 584 2478 qui
612 2414 684 2460 eam
713 2395 815 2461 solam
845 2395 998 2479 servavit,
1032 2395 1115 2461 ultro
1147 2395 1189 2462 ad
1216 2397 1298 2462 hanc
1326 2397 1566 2482 dispositionem

354 2499 536 2584 deduceris,
569 2499 620 2571 cui
647 2497 732 2581 quod
762 2498 900 2582 spatium
927 2498 1056 2582 egregie
1082 2500 1244 2585 expletur,
1272 2501 1350 2566 mihi
1376 2501 1440 2586 ipsi
1467 2507 1568 2566 totam

354 2603 590 2687 discriptionem
611 2621 707 2684 quam
728 2602 867 2667 maxime
888 2602 1057 2686 persuasit.

440 2705 575 2784 Qualem
596 2705 692 2787 igitur
714 2704 904 2789 disponendi
925 2706 1080 2770 rationem
1098 2705 1131 2770 in
1149 2705 1240 2770 titulo
1252 2705 1567 2774 animadvertimus?

352 2809 526 2894 dispositae
558 2815 632 2874 sunt
662 2807 790 2874 fabulae
817 2808 879 2891 ita,
908 2813 944 2872 ut
971 2808 1235 2890 coniungerentur
1269 2809 1398 2890 quidem
1432 2830 1566 2892 quarum

351 2913 479 2978 nomina
499 2913 540 2977 ab
563 2910 677 2977 eadem
690 2904 810 3010 dittera
835 2911 1023 2995 inciperent,
1051 2911 1176 2976 litterae
1198 2931 1275 2977 vero
1297 2931 1500 2995 nequaquam
1523 2935 1563 2980 ex

351 3015 477 3099 vulgari
498 3013 609 3080 ordine
632 3033 667 3080 se
688 3013 886 3098 exciperent,
910 3019 942 3078 et
963 3014 1047 3078 intra
1068 3014 1192 3079 litterae
1208 3015 1360 3080 ambitum
1374 3017 1461 3082 nullo
1476 3024 1563 3082 certo

351 3118 462 3184 ordine
488 3137 591 3199 neque
618 3137 659 3182 ex
688 3117 831 3201 proxime
859 3117 995 3200 primam
1022 3118 1225 3199 sequentibus
1255 3119 1369 3184 litteris
1396 3139 1501 3202 neque
1524 3140 1565 3185 ex

350 3227 507 3307 tempore,
535 3240 597 3302 quo
627 3218 739 3285 doctae
771 3226 879 3286 essent
902 3219 1059 3303 (sequitur
1081 3219 1251 3303 Polyidum
1273 3220 1436 3307 Peliades)
1459 3242 1563 3304 neque

350 3325 528 3408 segregatis
558 3323 705 3408 satyricis
732 3322 917 3406 tragoediae
943 3329 1142 3406 ponerentur.
1154 3310 1170 3405 l
1189 3329 1296 3388 tamen
1326 3325 1489 3391 sollemnis
1512 3326 1562 3390 hic

350 3427 428 3492 ordo
450 3427 525 3512 t'uit,
549 3427 698 3508 quoniam
718 3427 844 3492 litterae
865 3428 904 3487 H
917 3426 1022 3509 prima
1043 3425 1153 3490 fabula
1175 3445 1247 3490 cum
1264 3427 1326 3488 ΘΛ
1349 3427 1517 3493 coniuncta
1530 3429 1564 3492 in

348 3551 411 3596 uno
440 3530 612 3613 volumine,
640 3529 674 3594 in
704 3530 805 3596 altero
828 3533 954 3594 ceterae
974 3528 1118 3594 eiusdem
1140 3529 1266 3594 litterae
1284 3527 1412 3596 fabulae
1425 3589 1428 3595 ,
1435 3531 1561 3616 positae

308 3704 316 3720 ,
348 3639 429 3701 sunt.
474 3639 508 3698 at
530 3653 571 3698 ex
593 3640 640 3698 tot
660 3633 785 3698 litterae
807 3636 847 3695 A
868 3631 985 3696 fabulis
1006 3638 1141 3713 quatuor
1154 3638 1276 3696 tantum
1290 3633 1492 3699 inveniuntur
1511 3635 1563 3700 vel

347 3737 494 3819 quinque.
544 3736 617 3801 hinc
647 3755 742 3818 quam
770 3736 908 3800 maxime
938 3753 1036 3801 causa
1062 3735 1232 3818 singularis
1262 3735 1382 3802 ordinis
1410 3738 1562 3821 perspici-

346 3847 407 3906 tur.
452 3841 506 3922 qni
540 3841 574 3905 in
606 3839 714 3904 nescio
748 3858 842 3921 quem
874 3838 1069 3904 voluminum
1096 3857 1261 3904 numerum
1293 3858 1410 3923 opera
1439 3841 1563 3905 omnia

345 3942 507 4028 Euripidis
529 3943 769 4027 disposuerunt,
790 3948 823 4007 et
844 3941 992 4023 aequalia
1013 3942 1175 4007 volumina
1195 3942 1302 4008 facere
1318 3949 1351 4007 et
1364 3963 1422 4026 per
1438 3943 1561 4009 litteras

345 4047 484 4113 initiales
507 4046 674 4112 coniuncta
696 4044 803 4127 quoad
823 4043 893 4110 fieri
914 4048 1041 4128 poterat
1056 4044 1244 4109 coniunctim
1262 4065 1381 4130 ponere
1402 4046 1561 4112 volebant.

344 4151 453 4232 itaque
475 4149 620 4215 ordinem
649 4148 814 4230 vulgarem
840 4148 1016 4212 litterarum
1039 4146 1254 4216 deseruerunt.
1298 4168 1454 4232 ponamus
1476 4156 1561 4214 octo-

344 4255 469 4318 narium
490 4249 663 4317 numerum.
709 4251 856 4316 convenit
881 4250 988 4315 littera
1009 4251 1059 4325 Π,
1083 4252 1231 4316 convenit
1252 4255 1282 4330 I,
1310 4258 1344 4316 at
1367 4256 1398 4314 Φ
1421 4253 1559 4334 quinque

343 4364 466 4422 tantum
482 4355 702 4440 conplectitur,
726 4353 886 4420 adduntur
904 4355 1032 4436 ignotae
1047 4352 1158 4441 (duae)
1182 4360 1214 4420 et
1243 4359 1270 4416 Y
1289 4355 1396 4442 (una),
1420 4356 1559 4438 quinque

342 4464 372 4526 E
391 4460 502 4550 habet,
526 4477 598 4524 cum
619 4458 720 4526 tribus
739 4458 865 4528 litterae
887 4461 926 4520 H
945 4449 1152 4542 coniungitur.
1196 4459 1335 4542 quinque
1357 4465 1394 4546 Σ,
1416 4465 1459 4546 at,
1483 4479 1559 4544 quo-

1787 2171 1796 2616 r
