<?xml version="1.0" encoding="UTF-8"?>
<!DOCTYPE html PUBLIC "-//W3C//DTD XHTML 1.0 Transitional//EN"
    "http://www.w3.org/TR/xhtml1/DTD/xhtml1-transitional.dtd">
<html xmlns="http://www.w3.org/1999/xhtml" xml:lang="en" lang="en">
 <head>
  <title>
</title>
<meta http-equiv="Content-Type" content="text/html;charset=utf-8" />
  <meta name='ocr-system' content='tesseract 3.04.00' />
  <meta name='ocr-capabilities' content='ocr_page ocr_carea ocr_par ocr_line ocrx_word'/>
</head>
<body>
  <div class='ocr_page' id='page_1' title='image "./analectaevripid00moegoog_0234.png"; bbox 0 0 3666 5296; ppageno 0'>
   <div class='ocr_carea' id='block_1_1' title="bbox 776 387 1432 482">
    <p class='ocr_par' dir='ltr' id='par_1_1' title="bbox 776 387 1432 482">
     <span class='ocr_line' id='line_1_1' title="bbox 776 387 1432 482; baseline 0.003 -2"><span class='ocrx_word' id='word_1_1' title='bbox 776 387 898 481; x_wconf 65' lang='lat' dir='ltr'>mc}</span> <span class='ocrx_word' id='word_1_2' title='bbox 1378 413 1432 482; x_wconf 69' lang='lat' dir='ltr'>aas</span> 
     </span>
    </p>
   </div>
   <div class='ocr_carea' id='block_1_2' title="bbox 127 578 1448 4642">
    <p class='ocr_par' dir='ltr' id='par_1_2' title="bbox 127 578 1448 4642">
     <span class='ocr_line' id='line_1_2' title="bbox 220 578 1434 683; baseline 0.005 -21"><span class='ocrx_word' id='word_1_3' title='bbox 220 595 336 682; x_wconf 90' lang='lat' dir='ltr'>ecquid</span> <span class='ocrx_word' id='word_1_4' title='bbox 365 597 557 670; x_wconf 75' lang='lat' dir='ltr'><strong>desideras?</strong></span> <span class='ocrx_word' id='word_1_5' title='bbox 600 597 663 663; x_wconf 90' lang='lat' dir='ltr'>imo</span> <span class='ocrx_word' id='word_1_6' title='bbox 697 578 748 664; x_wconf 66' lang='lat' dir='ltr'>ne&#39;</span> <span class='ocrx_word' id='word_1_7' title='bbox 764 600 885 682; x_wconf 88' lang='lat' dir='ltr'>pateris</span> <span class='ocrx_word' id='word_1_8' title='bbox 912 599 1040 682; x_wconf 91' lang='lat' dir='ltr'>quidem</span> <span class='ocrx_word' id='word_1_9' title='bbox 1070 597 1242 683; x_wconf 83' lang='lat' dir='ltr'><strong>quidquam</strong></span> <span class='ocrx_word' id='word_1_10' title='bbox 1270 599 1355 668; x_wconf 87' lang='lat' dir='ltr'>addi.</span> <span class='ocrx_word' id='word_1_11' title='bbox 1400 609 1434 668; x_wconf 91' lang='lat' dir='ltr'>at</span> 
     </span>
     <span class='ocr_line' id='line_1_3' title="bbox 220 702 903 788; baseline 0.003 -21"><span class='ocrx_word' id='word_1_12' title='bbox 220 702 368 788; x_wconf 75' lang='lat' dir='ltr'><strong>Byzantii</strong></span> <span class='ocrx_word' id='word_1_13' title='bbox 390 702 449 768; x_wconf 85' lang='lat' dir='ltr'>fuit</span> <span class='ocrx_word' id='word_1_14' title='bbox 471 703 525 786; x_wconf 91' lang='lat' dir='ltr'>qui</span> <span class='ocrx_word' id='word_1_15' title='bbox 547 708 621 788; x_wconf 90' lang='lat' dir='ltr'>post</span> <span class='ocrx_word' id='word_1_16' title='bbox 643 709 705 768; x_wconf 92' lang='grc'>180</span> <span class='ocrx_word' id='word_1_17' title='bbox 727 702 903 770; x_wconf 88' lang='lat' dir='ltr'>intruderet</span> 
     </span>
     <span class='ocr_line' id='line_1_4' title="bbox 505 803 1137 897; baseline 0.003 -25"><span class='ocrx_word' id='word_1_18' title='bbox 505 803 583 872; x_wconf 84' lang='grc' dir='ltr'><em>ε’πεί</em></span> <span class='ocrx_word' id='word_1_19' title='bbox 603 829 639 891; x_wconf 86' lang='grc' dir='ltr'>γε</span> <span class='ocrx_word' id='word_1_20' title='bbox 659 807 795 884; x_wconf 80' lang='grc' dir='ltr'><em>πολλοῖς</em></span> <span class='ocrx_word' id='word_1_21' title='bbox 816 803 926 894; x_wconf 75' lang='grc' dir='ltr'><em>ἥδεται</em></span> <span class='ocrx_word' id='word_1_22' title='bbox 947 807 1137 897; x_wconf 84' lang='grc' dir='ltr'><em>γαμουμένη.</em></span> 
     </span>
     <span class='ocr_line' id='line_1_5' title="bbox 220 905 1434 999; baseline 0.004 -23"><span class='ocrx_word' id='word_1_23' title='bbox 220 912 327 994; x_wconf 87' lang='lat' dir='ltr'>itaque</span> <span class='ocrx_word' id='word_1_24' title='bbox 350 912 549 978; x_wconf 85' lang='lat' dir='ltr'>accusativus</span> <span class='ocrx_word' id='word_1_25' title='bbox 571 909 627 998; x_wconf 76' lang='grc' dir='ltr'>τὴν</span> <span class='ocrx_word' id='word_1_26' title='bbox 650 905 807 995; x_wconf 78' lang='grc' dir='ltr'><em>πρόδοτιν</em></span> <span class='ocrx_word' id='word_1_27' title='bbox 823 913 908 978; x_wconf 92' lang='lat' dir='ltr'>omni</span> <span class='ocrx_word' id='word_1_28' title='bbox 922 913 1044 979; x_wconf 88' lang='lat' dir='ltr'>ratione</span> <span class='ocrx_word' id='word_1_29' title='bbox 1060 920 1155 980; x_wconf 88' lang='lat' dir='ltr'>caret.</span> <span class='ocrx_word' id='word_1_30' title='bbox 1193 919 1288 997; x_wconf 82' lang='lat' dir='ltr'>atque</span> <span class='ocrx_word' id='word_1_31' title='bbox 1303 913 1434 999; x_wconf 75' lang='lat' dir='ltr'>pulchre</span> 
     </span>
     <span class='ocr_line' id='line_1_6' title="bbox 221 1010 1434 1106; baseline 0.002 -26"><span class='ocrx_word' id='word_1_32' title='bbox 221 1015 350 1097; x_wconf 84' lang='lat' dir='ltr'>quidem</span> <span class='ocrx_word' id='word_1_33' title='bbox 373 1010 557 1100; x_wconf 78' lang='grc' dir='ltr'><em>πολυάνορα</em></span> <span class='ocrx_word' id='word_1_34' title='bbox 580 1015 660 1082; x_wconf 84' lang='lat' dir='ltr'><strong>dixit</strong></span> <span class='ocrx_word' id='word_1_35' title='bbox 682 1015 838 1082; x_wconf 79' lang='lat' dir='ltr'>Helenam</span> <span class='ocrx_word' id='word_1_36' title='bbox 853 1015 1066 1084; x_wconf 78' lang='lat' dir='ltr'>Stesichorus:</span> <span class='ocrx_word' id='word_1_37' title='bbox 1087 1017 1223 1094; x_wconf 75' lang='grc' dir='ltr'><em>πολλοῖς</em></span> <span class='ocrx_word' id='word_1_38' title='bbox 1236 1015 1434 1106; x_wconf 76' lang='grc' dir='ltr'><em>γαμουμένην</em></span> 
     </span>
     <span class='ocr_line' id='line_1_7' title="bbox 221 1119 1435 1206; baseline 0.006 -24"><span class='ocrx_word' id='word_1_39' title='bbox 221 1137 314 1184; x_wconf 88' lang='lat' dir='ltr'>nemo</span> <span class='ocrx_word' id='word_1_40' title='bbox 348 1127 474 1204; x_wconf 88' lang='lat' dir='ltr'>poterat</span> <span class='ocrx_word' id='word_1_41' title='bbox 502 1119 621 1206; x_wconf 87' lang='lat' dir='ltr'>dicere,</span> <span class='ocrx_word' id='word_1_42' title='bbox 656 1126 826 1204; x_wconf 85' lang='lat' dir='ltr'>autequam</span> <span class='ocrx_word' id='word_1_43' title='bbox 855 1125 968 1206; x_wconf 77' lang='grc' dir='ltr'><em>γαμεῖν</em></span> <span class='ocrx_word' id='word_1_44' title='bbox 998 1141 1061 1187; x_wconf 90' lang='lat' dir='ltr'>non</span> <span class='ocrx_word' id='word_1_45' title='bbox 1092 1123 1194 1189; x_wconf 91' lang='lat' dir='ltr'>solum</span> <span class='ocrx_word' id='word_1_46' title='bbox 1223 1141 1263 1188; x_wconf 89' lang='lat' dir='ltr'>ea</span> <span class='ocrx_word' id='word_1_47' title='bbox 1289 1123 1435 1189; x_wconf 85' lang='lat' dir='ltr'>libertate</span> 
     </span>
     <span class='ocr_line' id='line_1_8' title="bbox 180 1223 1436 1312; baseline 0.005 -24"><span class='ocrx_word' id='word_1_48' title='bbox 180 1291 182 1300; x_wconf 66' lang='grc'>,</span> <span class='ocrx_word' id='word_1_49' title='bbox 221 1230 440 1310; x_wconf 81' lang='lat' dir='ltr'>usurparetur,</span> <span class='ocrx_word' id='word_1_50' title='bbox 463 1244 527 1307; x_wconf 87' lang='lat' dir='ltr'>qua</span> <span class='ocrx_word' id='word_1_51' title='bbox 549 1225 781 1291; x_wconf 89' lang='lat' dir='ltr'>substantivum</span> <span class='ocrx_word' id='word_1_52' title='bbox 801 1223 902 1309; x_wconf 85' lang='grc' dir='ltr'><em>γάμος</em></span> <span class='ocrx_word' id='word_1_53' title='bbox 924 1225 1011 1312; x_wconf 90' lang='lat' dir='ltr'>apud</span> <span class='ocrx_word' id='word_1_54' title='bbox 1030 1226 1148 1311; x_wconf 92' lang='lat' dir='ltr'>probos</span> <span class='ocrx_word' id='word_1_55' title='bbox 1163 1226 1334 1312; x_wconf 77' lang='lat' dir='ltr'>scriptores</span> <span class='ocrx_word' id='word_1_56' title='bbox 1349 1227 1436 1294; x_wconf 89' lang='lat' dir='ltr'>inve-</span> 
     </span>
     <span class='ocr_line' id='line_1_9' title="bbox 221 1327 1436 1416; baseline 0.006 -25"><span class='ocrx_word' id='word_1_57' title='bbox 221 1327 322 1412; x_wconf 83' lang='lat' dir='ltr'>nitur,</span> <span class='ocrx_word' id='word_1_58' title='bbox 345 1327 404 1394; x_wconf 87' lang='lat' dir='ltr'>sed</span> <span class='ocrx_word' id='word_1_59' title='bbox 423 1347 636 1414; x_wconf 83' lang='lat' dir='ltr'>neograeeam</span> <span class='ocrx_word' id='word_1_60' title='bbox 656 1329 812 1396; x_wconf 82' lang='lat' dir='ltr'>induisset</span> <span class='ocrx_word' id='word_1_61' title='bbox 835 1331 1074 1416; x_wconf 82' lang='lat' dir='ltr'>obscenitatem,</span> <span class='ocrx_word' id='word_1_62' title='bbox 1098 1331 1187 1398; x_wconf 89' lang='lat' dir='ltr'>ouius</span> <span class='ocrx_word' id='word_1_63' title='bbox 1209 1351 1273 1398; x_wconf 90' lang='lat' dir='ltr'>non</span> <span class='ocrx_word' id='word_1_64' title='bbox 1287 1331 1320 1396; x_wconf 91' lang='lat' dir='ltr'>in</span> <span class='ocrx_word' id='word_1_65' title='bbox 1333 1351 1436 1416; x_wconf 87' lang='lat' dir='ltr'>prom-</span> 
     </span>
     <span class='ocr_line' id='line_1_10' title="bbox 222 1431 1437 1521; baseline 0.003 -25"><span class='ocrx_word' id='word_1_66' title='bbox 222 1437 278 1516; x_wconf 91' lang='lat' dir='ltr'>ptu</span> <span class='ocrx_word' id='word_1_67' title='bbox 306 1431 385 1496; x_wconf 93' lang='lat' dir='ltr'>mihi</span> <span class='ocrx_word' id='word_1_68' title='bbox 415 1439 465 1500; x_wconf 88' lang='lat' dir='ltr'>est</span> <span class='ocrx_word' id='word_1_69' title='bbox 494 1434 652 1517; x_wconf 86' lang='lat' dir='ltr'>antiquius</span> <span class='ocrx_word' id='word_1_70' title='bbox 681 1436 860 1521; x_wconf 90' lang='lat' dir='ltr'>exemplum</span> <span class='ocrx_word' id='word_1_71' title='bbox 884 1455 980 1519; x_wconf 88' lang='lat' dir='ltr'>quam</span> <span class='ocrx_word' id='word_1_72' title='bbox 1009 1455 1050 1502; x_wconf 89' lang='lat' dir='ltr'>ex</span> <span class='ocrx_word' id='word_1_73' title='bbox 1072 1434 1163 1501; x_wconf 87' lang='lat' dir='ltr'>Asini</span> <span class='ocrx_word' id='word_1_74' title='bbox 1184 1436 1352 1521; x_wconf 88' lang='lat' dir='ltr'>scriptore,</span> <span class='ocrx_word' id='word_1_75' title='bbox 1382 1435 1437 1518; x_wconf 89' lang='lat' dir='ltr'>qui</span> 
     </span>
     <span class='ocr_line' id='line_1_11' title="bbox 223 1536 1438 1626; baseline 0.005 -26"><span class='ocrx_word' id='word_1_76' title='bbox 223 1536 298 1601; x_wconf 90' lang='lat' dir='ltr'>olim</span> <span class='ocrx_word' id='word_1_77' title='bbox 319 1536 477 1605; x_wconf 78' lang='lat' dir='ltr'>Lucienus</span> <span class='ocrx_word' id='word_1_78' title='bbox 503 1539 585 1605; x_wconf 87' lang='lat' dir='ltr'>falso</span> <span class='ocrx_word' id='word_1_79' title='bbox 618 1539 821 1626; x_wconf 83' lang='lat' dir='ltr'>credebatur,</span> <span class='ocrx_word' id='word_1_80' title='bbox 850 1559 918 1625; x_wconf 87' lang='lat' dir='ltr'>cap.</span> <span class='ocrx_word' id='word_1_81' title='bbox 936 1547 992 1625; x_wconf 78' lang='lat'>32,</span> <span class='ocrx_word' id='word_1_82' title='bbox 1022 1559 1084 1624; x_wconf 92' lang='lat' dir='ltr'>quo</span> <span class='ocrx_word' id='word_1_83' title='bbox 1107 1539 1176 1607; x_wconf 86' lang='lat' dir='ltr'>loco</span> <span class='ocrx_word' id='word_1_84' title='bbox 1199 1539 1335 1607; x_wconf 86' lang='lat' dir='ltr'>rusticus</span> <span class='ocrx_word' id='word_1_85' title='bbox 1357 1557 1438 1625; x_wconf 87' lang='lat' dir='ltr'>puer</span> 
     </span>
     <span class='ocr_line' id='line_1_12' title="bbox 224 1641 372 1724; baseline 0.007 -19"><span class='ocrx_word' id='word_1_86' title='bbox 224 1641 372 1724; x_wconf 89' lang='lat' dir='ltr'>loquitur.</span> 
     </span>
     <span class='ocr_line' id='line_1_13' title="bbox 312 1745 1437 1835; baseline 0.005 -24"><span class='ocrx_word' id='word_1_87' title='bbox 312 1745 383 1824; x_wconf 80' lang='lat' dir='ltr'>Quo</span> <span class='ocrx_word' id='word_1_88' title='bbox 412 1746 506 1812; x_wconf 89' lang='lat' dir='ltr'>modo</span> <span class='ocrx_word' id='word_1_89' title='bbox 527 1747 665 1834; x_wconf 77' lang='lat' dir='ltr'>Cyclops</span> <span class='ocrx_word' id='word_1_90' title='bbox 692 1755 829 1816; x_wconf 86' lang='lat' dir='ltr'>taetram</span> <span class='ocrx_word' id='word_1_91' title='bbox 859 1769 970 1816; x_wconf 88' lang='lat' dir='ltr'>cenam</span> <span class='ocrx_word' id='word_1_92' title='bbox 998 1749 1059 1817; x_wconf 90' lang='lat' dir='ltr'>sibi</span> <span class='ocrx_word' id='word_1_93' title='bbox 1077 1749 1240 1835; x_wconf 90' lang='lat' dir='ltr'>paraverit</span> <span class='ocrx_word' id='word_1_94' title='bbox 1261 1749 1311 1816; x_wconf 81' lang='lat' dir='ltr'>his</span> <span class='ocrx_word' id='word_1_95' title='bbox 1331 1750 1437 1817; x_wconf 87' lang='lat' dir='ltr'>verbis</span> 
     </span>
     <span class='ocr_line' id='line_1_14' title="bbox 224 1841 689 1932; baseline 0.013 -18"><span class='ocrx_word' id='word_1_96' title='bbox 224 1849 337 1916; x_wconf 84' lang='lat' dir='ltr'>Ulixes</span> <span class='ocrx_word' id='word_1_97' title='bbox 359 1841 469 1917; x_wconf 81' lang='lat' dir='ltr'>hamat</span> <span class='ocrx_word' id='word_1_98' title='bbox 687 1927 689 1932; x_wconf 58' lang='grc'><strong>,</strong></span> 
     </span>
     <span class='ocr_line' id='line_1_15' title="bbox 127 1937 1049 2028; baseline 0.003 -23"><span class='ocrx_word' id='word_1_99' title='bbox 127 1937 129 1944; x_wconf 75' lang='grc'><em>’</em></span> <span class='ocrx_word' id='word_1_100' title='bbox 661 1946 750 2028; x_wconf 81' lang='grc' dir='ltr'><em>φῶτε</em></span> <span class='ocrx_word' id='word_1_101' title='bbox 773 1939 972 2028; x_wconf 78' lang='grc' dir='ltr'><em>συμμάρψας</em></span> <span class='ocrx_word' id='word_1_102' title='bbox 993 1938 1049 2008; x_wconf 78' lang='grc' dir='ltr'>δύο</span> 
     </span>
     <span class='ocr_line' id='line_1_16' title="bbox 487 2037 1174 2132; baseline 0.003 -23"><span class='ocrx_word' id='word_1_103' title='bbox 487 2037 600 2131; x_wconf 67' lang='grc' dir='ltr'><em>ἔσφαξ’</em></span> <span class='ocrx_word' id='word_1_104' title='bbox 622 2038 757 2130; x_wconf 67' lang='grc' dir='ltr'><em>ἑταίρων</em></span> <span class='ocrx_word' id='word_1_105' title='bbox 778 2047 842 2110; x_wconf 86' lang='grc' dir='ltr'><em>τοῖν</em></span> <span class='ocrx_word' id='word_1_106' title='bbox 861 2042 948 2128; x_wconf 81' lang='grc' dir='ltr'><em>ε’μοῖν</em></span> <span class='ocrx_word' id='word_1_107' title='bbox 971 2048 1088 2132; x_wconf 75' lang='grc' dir='ltr'><em>ῥυθμῷ</em></span> <span class='ocrx_word' id='word_1_108' title='bbox 1109 2069 1174 2111; x_wconf 91' lang='grc' dir='ltr'><em>τινι</em></span> 
     </span>
     <span class='ocr_line' id='line_1_17' title="bbox 487 2143 1182 2238; baseline 0.003 -26"><span class='ocrx_word' id='word_1_109' title='bbox 487 2146 543 2213; x_wconf 88' lang='grc' dir='ltr'>τὸν</span> <span class='ocrx_word' id='word_1_110' title='bbox 565 2145 625 2230; x_wconf 78' lang='grc' dir='ltr'>μὲν</span> <span class='ocrx_word' id='word_1_111' title='bbox 647 2146 782 2236; x_wconf 76' lang='grc' dir='ltr'><em>λέβητος</em></span> <span class='ocrx_word' id='word_1_112' title='bbox 802 2146 836 2226; x_wconf 79' lang='grc' dir='ltr'>ἒς</span> <span class='ocrx_word' id='word_1_113' title='bbox 858 2143 953 2227; x_wconf 78' lang='grc' dir='ltr'><em>κύτος</em></span> <span class='ocrx_word' id='word_1_114' title='bbox 973 2145 1182 2238; x_wconf 81' lang='grc' dir='ltr'><em>χαλκήλατον,</em></span> 
     </span>
     <span class='ocr_line' id='line_1_18' title="bbox 380 2244 1251 2338; baseline 0.005 -24"><span class='ocrx_word' id='word_1_115' title='bbox 380 2257 444 2316; x_wconf 87' lang='grc'>400</span> <span class='ocrx_word' id='word_1_116' title='bbox 487 2249 544 2316; x_wconf 89' lang='grc' dir='ltr'>τὸν</span> <span class='ocrx_word' id='word_1_117' title='bbox 568 2251 596 2316; x_wconf 85' lang='grc' dir='ltr'>δ’</span> <span class='ocrx_word' id='word_1_118' title='bbox 618 2244 658 2316; x_wconf 78' lang='grc' dir='ltr'>αὖ</span> <span class='ocrx_word' id='word_1_119' title='bbox 678 2249 830 2329; x_wconf 80' lang='grc' dir='ltr'><em>τεκόντος</em></span> <span class='ocrx_word' id='word_1_120' title='bbox 847 2246 1002 2337; x_wconf 83' lang='grc' dir='ltr'><em>ἁρπάσας</em></span> <span class='ocrx_word' id='word_1_121' title='bbox 1023 2249 1124 2338; x_wconf 82' lang='grc' dir='ltr'><em>άκρου</em></span> <span class='ocrx_word' id='word_1_122' title='bbox 1147 2252 1251 2331; x_wconf 83' lang='grc' dir='ltr'><em>ποδὸς</em></span> 
     </span>
     <span class='ocr_line' id='line_1_19' title="bbox 488 2347 1264 2443; baseline 0.003 -24"><span class='ocrx_word' id='word_1_123' title='bbox 488 2351 597 2434; x_wconf 84' lang='grc' dir='ltr'><em>παίων</em></span> <span class='ocrx_word' id='word_1_124' title='bbox 619 2353 705 2443; x_wconf 88' lang='grc' dir='ltr'><em>πρὸς</em></span> <span class='ocrx_word' id='word_1_125' title='bbox 726 2347 802 2436; x_wconf 81' lang='grc' dir='ltr'><em>ὀξὺν</em></span> <span class='ocrx_word' id='word_1_126' title='bbox 827 2351 964 2438; x_wconf 88' lang='grc' dir='ltr'><em>στόνυχα</em></span> <span class='ocrx_word' id='word_1_127' title='bbox 985 2353 1141 2442; x_wconf 79' lang='grc' dir='ltr'><em>πετραῖον</em></span> <span class='ocrx_word' id='word_1_128' title='bbox 1164 2352 1264 2422; x_wconf 71' lang='grc' dir='ltr'><em>λίθου</em></span> 
     </span>
     <span class='ocr_line' id='line_1_20' title="bbox 490 2453 1166 2548; baseline 0.003 -25"><span class='ocrx_word' id='word_1_129' title='bbox 490 2456 668 2544; x_wconf 78' lang='grc' dir='ltr'><em>ἐγκέφαλον</em></span> <span class='ocrx_word' id='word_1_130' title='bbox 691 2456 838 2548; x_wconf 80' lang='grc' dir='ltr'><em>ἕξέρρανε</em></span> <span class='ocrx_word' id='word_1_131' title='bbox 860 2458 916 2526; x_wconf 77' lang='grc' dir='ltr'>καὶ</span> <span class='ocrx_word' id='word_1_132' title='bbox 939 2453 1166 2548; x_wconf 70' lang='grc' dir='ltr'><em>καθαρπάσας</em></span> 
     </span>
     <span class='ocr_line' id='line_1_21' title="bbox 487 2559 1166 2651; baseline -0.001 -21"><span class='ocrx_word' id='word_1_133' title='bbox 487 2561 596 2647; x_wconf 78' lang='grc' dir='ltr'><em>λάβρῳ</em></span> <span class='ocrx_word' id='word_1_134' title='bbox 617 2561 761 2651; x_wconf 77' lang='grc' dir='ltr'><em>μαχαίρᾳ</em></span> <span class='ocrx_word' id='word_1_135' title='bbox 780 2559 901 2650; x_wconf 81' lang='grc' dir='ltr'><em>σάρκας</em></span> <span class='ocrx_word' id='word_1_136' title='bbox 924 2559 1056 2646; x_wconf 76' lang='grc' dir='ltr'><em>ἕξοῖπτα</em></span> <span class='ocrx_word' id='word_1_137' title='bbox 1078 2561 1166 2650; x_wconf 87' lang='grc' dir='ltr'><em>πυρί,</em></span> 
     </span>
     <span class='ocr_line' id='line_1_22' title="bbox 489 2664 1196 2756; baseline 0.003 -25"><span class='ocrx_word' id='word_1_138' title='bbox 489 2666 530 2732; x_wconf 83' lang='grc' dir='ltr'>τοὶ</span> <span class='ocrx_word' id='word_1_139' title='bbox 553 2667 582 2732; x_wconf 85' lang='lat' dir='ltr'>d&#39;</span> <span class='ocrx_word' id='word_1_140' title='bbox 607 2667 642 2744; x_wconf 78' lang='grc' dir='ltr'>ἐς</span> <span class='ocrx_word' id='word_1_141' title='bbox 663 2665 769 2755; x_wconf 83' lang='grc' dir='ltr'><em>λέβητ’</em></span> <span class='ocrx_word' id='word_1_142' title='bbox 795 2664 912 2756; x_wconf 72' lang='grc' dir='ltr'><em>ἐφῆκεν</em></span> <span class='ocrx_word' id='word_1_143' title='bbox 936 2665 1085 2751; x_wconf 72' lang='grc' dir='ltr'><em>ἕψεσθαι</em></span> <span class='ocrx_word' id='word_1_144' title='bbox 1106 2667 1196 2756; x_wconf 78' lang='grc' dir='ltr'><em>μέλη.</em></span> 
     </span>
     <span class='ocr_line' id='line_1_23' title="bbox 228 2787 1440 2875; baseline 0.001 -19"><span class='ocrx_word' id='word_1_145' title='bbox 228 2791 274 2857; x_wconf 90' lang='lat' dir='ltr'>ita</span> <span class='ocrx_word' id='word_1_146' title='bbox 305 2789 386 2855; x_wconf 87' lang='lat' dir='ltr'>haec</span> <span class='ocrx_word' id='word_1_147' title='bbox 416 2809 455 2854; x_wconf 92' lang='lat' dir='ltr'>ex</span> <span class='ocrx_word' id='word_1_148' title='bbox 487 2788 552 2856; x_wconf 88' lang='lat' dir='ltr'>fide</span> <span class='ocrx_word' id='word_1_149' title='bbox 572 2789 690 2856; x_wconf 90' lang='lat' dir='ltr'>codicis</span> <span class='ocrx_word' id='word_1_150' title='bbox 721 2789 868 2875; x_wconf 87' lang='lat' dir='ltr'>eduntur,</span> <span class='ocrx_word' id='word_1_151' title='bbox 903 2790 964 2856; x_wconf 91' lang='lat' dir='ltr'>nisi</span> <span class='ocrx_word' id='word_1_152' title='bbox 994 2789 1079 2872; x_wconf 92' lang='lat' dir='ltr'>quod</span> <span class='ocrx_word' id='word_1_153' title='bbox 1111 2787 1247 2870; x_wconf 85' lang='grc' dir='ltr'><em>στόνυχα</em></span> <span class='ocrx_word' id='word_1_154' title='bbox 1278 2789 1440 2875; x_wconf 79' lang='lat' dir='ltr'>Scaligero</span> 
     </span>
     <span class='ocr_line' id='line_1_24' title="bbox 230 2887 1442 2980; baseline -0.002 -20"><span class='ocrx_word' id='word_1_155' title='bbox 230 2893 377 2978; x_wconf 87' lang='lat' dir='ltr'>debetur;</span> <span class='ocrx_word' id='word_1_156' title='bbox 406 2894 433 2978; x_wconf 86' lang='grc' dir='ltr'>γ’</span> <span class='ocrx_word' id='word_1_157' title='bbox 457 2887 552 2974; x_wconf 68' lang='lat' dir='ltr'>daupu</span> <span class='ocrx_word' id='word_1_158' title='bbox 573 2893 683 2961; x_wconf 90' lang='lat' dir='ltr'>codex.</span> <span class='ocrx_word' id='word_1_159' title='bbox 718 2895 824 2980; x_wconf 82' lang='lat' dir='ltr'>placet</span> <span class='ocrx_word' id='word_1_160' title='bbox 845 2895 879 2959; x_wconf 93' lang='lat' dir='ltr'>in</span> <span class='ocrx_word' id='word_1_161' title='bbox 898 2895 1040 2960; x_wconf 87' lang='lat' dir='ltr'>oratione</span> <span class='ocrx_word' id='word_1_162' title='bbox 1063 2892 1220 2960; x_wconf 87' lang='lat' dir='ltr'>concitata</span> <span class='ocrx_word' id='word_1_163' title='bbox 1240 2895 1283 2960; x_wconf 87' lang='lat' dir='ltr'>ad</span> <span class='ocrx_word' id='word_1_164' title='bbox 1308 2892 1365 2958; x_wconf 76' lang='grc' dir='ltr'>’τὸν</span> <span class='ocrx_word' id='word_1_165' title='bbox 1384 2891 1442 2977; x_wconf 75' lang='grc' dir='ltr'>μὲν</span> 
     </span>
     <span class='ocr_line' id='line_1_25' title="bbox 228 2989 1441 3085; baseline -0.002 -21"><span class='ocrx_word' id='word_1_166' title='bbox 228 3001 360 3064; x_wconf 85' lang='lat' dir='ltr'>verbum</span> <span class='ocrx_word' id='word_1_167' title='bbox 399 2998 589 3066; x_wconf 88' lang='lat' dir='ltr'>desiderari:</span> <span class='ocrx_word' id='word_1_168' title='bbox 628 2989 812 3076; x_wconf 78' lang='grc' dir='ltr'><em>άσυνδέτως</em></span> <span class='ocrx_word' id='word_1_169' title='bbox 844 3019 879 3065; x_wconf 88' lang='lat' dir='ltr'>se</span> <span class='ocrx_word' id='word_1_170' title='bbox 908 2999 1055 3084; x_wconf 86' lang='lat' dir='ltr'>excipere</span> <span class='ocrx_word' id='word_1_171' title='bbox 1084 2993 1204 3085; x_wconf 71' lang='grc' dir='ltr'><em>ἔσφαζε</em></span> <span class='ocrx_word' id='word_1_172' title='bbox 1235 3005 1266 3066; x_wconf 89' lang='lat' dir='ltr'>et</span> <span class='ocrx_word' id='word_1_173' title='bbox 1296 2995 1441 3085; x_wconf 76' lang='grc' dir='ltr'><em>ἔξέρρανε</em></span> 
     </span>
     <span class='ocr_line' id='line_1_26' title="bbox 230 3103 1442 3190; baseline -0.001 -22"><span class='ocrx_word' id='word_1_174' title='bbox 230 3103 358 3168; x_wconf 91' lang='lat' dir='ltr'>minime</span> <span class='ocrx_word' id='word_1_175' title='bbox 377 3104 491 3187; x_wconf 87' lang='lat' dir='ltr'>placet.</span> <span class='ocrx_word' id='word_1_176' title='bbox 535 3123 639 3186; x_wconf 88' lang='lat' dir='ltr'>neque</span> <span class='ocrx_word' id='word_1_177' title='bbox 661 3106 777 3190; x_wconf 74' lang='grc' dir='ltr'><em>ῥυθμῷ</em></span> <span class='ocrx_word' id='word_1_178' title='bbox 801 3127 866 3167; x_wconf 89' lang='grc' dir='ltr'><em>τινι</em></span> <span class='ocrx_word' id='word_1_179' title='bbox 890 3103 1096 3188; x_wconf 78' lang='lat' dir='ltr'>probabiliter</span> <span class='ocrx_word' id='word_1_180' title='bbox 1118 3103 1313 3188; x_wconf 87' lang='lat' dir='ltr'>explicatum</span> <span class='ocrx_word' id='word_1_181' title='bbox 1327 3103 1442 3168; x_wconf 91' lang='lat' dir='ltr'>inveni.</span> 
     </span>
     <span class='ocr_line' id='line_1_27' title="bbox 230 3205 1443 3294; baseline 0.002 -24"><span class='ocrx_word' id='word_1_182' title='bbox 230 3205 354 3294; x_wconf 75' lang='grc' dir='ltr'><em>ῥυθμὸς</em></span> <span class='ocrx_word' id='word_1_183' title='bbox 375 3207 458 3272; x_wconf 77' lang='grc' dir='ltr'><em>σαῖσι</em></span> <span class='ocrx_word' id='word_1_184' title='bbox 479 3207 668 3273; x_wconf 85' lang='lat' dir='ltr'>uocabulum</span> <span class='ocrx_word' id='word_1_185' title='bbox 690 3206 834 3292; x_wconf 78' lang='lat' dir='ltr'>Euripidi</span> <span class='ocrx_word' id='word_1_186' title='bbox 856 3212 982 3292; x_wconf 85' lang='lat' dir='ltr'>gratum</span> <span class='ocrx_word' id='word_1_187' title='bbox 1000 3208 1088 3273; x_wconf 89' lang='lat' dir='ltr'>nulla</span> <span class='ocrx_word' id='word_1_188' title='bbox 1110 3207 1317 3274; x_wconf 88' lang='lat' dir='ltr'>translatione</span> <span class='ocrx_word' id='word_1_189' title='bbox 1336 3207 1443 3290; x_wconf 80' lang='lat' dir='ltr'>genui-</span> 
     </span>
     <span class='ocr_line' id='line_1_28' title="bbox 230 3311 1444 3396; baseline 0 -20"><span class='ocrx_word' id='word_1_190' title='bbox 230 3332 304 3377; x_wconf 85' lang='lat' dir='ltr'>nam</span> <span class='ocrx_word' id='word_1_191' title='bbox 326 3311 471 3377; x_wconf 87' lang='lat' dir='ltr'>amittere</span> <span class='ocrx_word' id='word_1_192' title='bbox 492 3317 599 3396; x_wconf 89' lang='lat' dir='ltr'>potest</span> <span class='ocrx_word' id='word_1_193' title='bbox 614 3311 892 3396; x_wconf 86' lang='lat' dir='ltr'>significationem,</span> <span class='ocrx_word' id='word_1_194' title='bbox 915 3318 950 3377; x_wconf 90' lang='lat' dir='ltr'>ut</span> <span class='ocrx_word' id='word_1_195' title='bbox 965 3318 1021 3377; x_wconf 87' lang='lat' dir='ltr'>aut</span> <span class='ocrx_word' id='word_1_196' title='bbox 1035 3311 1199 3396; x_wconf 79' lang='lat' dir='ltr'>compluria</span> <span class='ocrx_word' id='word_1_197' title='bbox 1214 3311 1335 3378; x_wconf 87' lang='lat' dir='ltr'>eisdem</span> <span class='ocrx_word' id='word_1_198' title='bbox 1351 3311 1444 3393; x_wconf 86' lang='lat' dir='ltr'>quasi</span> 
     </span>
     <span class='ocr_line' id='line_1_29' title="bbox 230 3413 1445 3500; baseline 0 -20"><span class='ocrx_word' id='word_1_199' title='bbox 230 3416 370 3482; x_wconf 85' lang='lat' dir='ltr'>numeris</span> <span class='ocrx_word' id='word_1_200' title='bbox 403 3413 513 3500; x_wconf 89' lang='lat' dir='ltr'>perfici</span> <span class='ocrx_word' id='word_1_201' title='bbox 545 3423 600 3481; x_wconf 88' lang='lat' dir='ltr'>aut</span> <span class='ocrx_word' id='word_1_202' title='bbox 626 3417 719 3483; x_wconf 90' lang='lat' dir='ltr'>unius</span> <span class='ocrx_word' id='word_1_203' title='bbox 746 3416 822 3482; x_wconf 88' lang='lat' dir='ltr'>facti</span> <span class='ocrx_word' id='word_1_204' title='bbox 852 3423 943 3482; x_wconf 89' lang='lat' dir='ltr'>tenor</span> <span class='ocrx_word' id='word_1_205' title='bbox 973 3417 1068 3482; x_wconf 92' lang='lat' dir='ltr'>certis</span> <span class='ocrx_word' id='word_1_206' title='bbox 1092 3415 1267 3481; x_wconf 84' lang='lat' dir='ltr'>intervallis</span> <span class='ocrx_word' id='word_1_207' title='bbox 1297 3415 1445 3481; x_wconf 84' lang='lat' dir='ltr'>carminis</span> 
     </span>
     <span class='ocr_line' id='line_1_30' title="bbox 231 3514 1446 3605; baseline -0.004 -20"><span class='ocrx_word' id='word_1_208' title='bbox 231 3521 333 3586; x_wconf 88' lang='lat' dir='ltr'>instar</span> <span class='ocrx_word' id='word_1_209' title='bbox 367 3515 519 3603; x_wconf 76' lang='lat' dir='ltr'>distingui</span> <span class='ocrx_word' id='word_1_210' title='bbox 552 3519 683 3586; x_wconf 86' lang='lat' dir='ltr'>dicatur.</span> <span class='ocrx_word' id='word_1_211' title='bbox 736 3515 825 3604; x_wconf 83' lang='grc' dir='ltr'><em>ποίῳ</em></span> <span class='ocrx_word' id='word_1_212' title='bbox 848 3514 963 3605; x_wconf 87' lang='grc' dir='ltr'><em>τρόπῳ</em></span> <span class='ocrx_word' id='word_1_213' title='bbox 990 3543 1025 3584; x_wconf 88' lang='grc' dir='ltr'>τε</span> <span class='ocrx_word' id='word_1_214' title='bbox 1046 3516 1101 3583; x_wconf 83' lang='grc' dir='ltr'>καὶ</span> <span class='ocrx_word' id='word_1_215' title='bbox 1121 3514 1186 3582; x_wconf 88' lang='grc' dir='ltr'><em>τίνι</em></span> <span class='ocrx_word' id='word_1_216' title='bbox 1209 3522 1325 3604; x_wconf 69' lang='grc' dir='ltr'><em>ῥυθμῷ</em></span> <span class='ocrx_word' id='word_1_217' title='bbox 1347 3515 1446 3605; x_wconf 78' lang='grc' dir='ltr'><em>φόνου</em></span> 
     </span>
     <span class='ocr_line' id='line_1_31' title="bbox 231 3615 1446 3711; baseline -0.001 -22"><span class='ocrx_word' id='word_1_218' title='bbox 231 3625 278 3690; x_wconf 88' lang='lat' dir='ltr'>ita</span> <span class='ocrx_word' id='word_1_219' title='bbox 294 3619 296 3624; x_wconf 76' lang='grc'><em>’</em></span> <span class='ocrx_word' id='word_1_220' title='bbox 310 3625 392 3690; x_wconf 90' lang='lat' dir='ltr'>bene</span> <span class='ocrx_word' id='word_1_221' title='bbox 425 3623 596 3706; x_wconf 86' lang='lat' dir='ltr'>iunguntur</span> <span class='ocrx_word' id='word_1_222' title='bbox 625 3621 686 3710; x_wconf 80' lang='lat' dir='ltr'>(nl.</span> <span class='ocrx_word' id='word_1_223' title='bbox 713 3623 802 3711; x_wconf 80' lang='lat'><strong>772);</strong></span> <span class='ocrx_word' id='word_1_224' title='bbox 841 3615 896 3703; x_wconf 73' lang='grc' dir='ltr'>οὐχ</span> <span class='ocrx_word' id='word_1_225' title='bbox 919 3619 973 3686; x_wconf 75' lang='lat' dir='ltr'>aa</span> <span class='ocrx_word' id='word_1_226' title='bbox 995 3620 1120 3708; x_wconf 71' lang='grc' dir='ltr'><em>ῥυθμὸν</em></span> <span class='ocrx_word' id='word_1_227' title='bbox 1142 3626 1249 3685; x_wconf 81' lang='grc' dir='ltr'><em>κακῶν</em></span> <span class='ocrx_word' id='word_1_228' title='bbox 1278 3621 1446 3708; x_wconf 81' lang='lat' dir='ltr'>Supplices</span> 
     </span>
     <span class='ocr_line' id='line_1_32' title="bbox 232 3724 1447 3815; baseline -0.002 -23"><span class='ocrx_word' id='word_1_229' title='bbox 232 3727 351 3794; x_wconf 86' lang='lat' dir='ltr'>hubent</span> <span class='ocrx_word' id='word_1_230' title='bbox 373 3727 449 3815; x_wconf 65' lang='lat'>(98)</span> <span class='ocrx_word' id='word_1_231' title='bbox 470 3728 491 3792; x_wconf 91' lang='lat' dir='ltr'>i.</span> <span class='ocrx_word' id='word_1_232' title='bbox 515 3747 540 3794; x_wconf 91' lang='lat' dir='ltr'>e.</span> <span class='ocrx_word' id='word_1_233' title='bbox 575 3727 715 3793; x_wconf 88' lang='lat' dir='ltr'>lacrimis</span> <span class='ocrx_word' id='word_1_234' title='bbox 749 3733 880 3792; x_wconf 77' lang='lat' dir='ltr'>masura</span> <span class='ocrx_word' id='word_1_235' title='bbox 908 3726 1022 3811; x_wconf 86' lang='lat' dir='ltr'>capitis</span> <span class='ocrx_word' id='word_1_236' title='bbox 1053 3724 1184 3792; x_wconf 85' lang='lat' dir='ltr'>sordida</span> <span class='ocrx_word' id='word_1_237' title='bbox 1210 3732 1301 3792; x_wconf 88' lang='lat' dir='ltr'>veste</span> <span class='ocrx_word' id='word_1_238' title='bbox 1328 3727 1447 3791; x_wconf 90' lang='lat' dir='ltr'>luctum</span> 
     </span>
     <span class='ocr_line' id='line_1_33' title="bbox 233 3829 1448 3916; baseline -0.002 -20"><span class='ocrx_word' id='word_1_239' title='bbox 233 3832 411 3901; x_wconf 83' lang='lat' dir='ltr'>ostendunt</span> <span class='ocrx_word' id='word_1_240' title='bbox 458 3830 518 3898; x_wconf 88' lang='lat' dir='ltr'>sed</span> <span class='ocrx_word' id='word_1_241' title='bbox 539 3849 601 3915; x_wconf 87' lang='lat' dir='ltr'>quo</span> <span class='ocrx_word' id='word_1_242' title='bbox 622 3837 717 3916; x_wconf 85' lang='lat' dir='ltr'>pacto</span> <span class='ocrx_word' id='word_1_243' title='bbox 740 3831 875 3916; x_wconf 85' lang='lat' dir='ltr'>simplex</span> <span class='ocrx_word' id='word_1_244' title='bbox 896 3831 1014 3896; x_wconf 86' lang='lat' dir='ltr'>factum</span> <span class='ocrx_word' id='word_1_245' title='bbox 1033 3831 1129 3912; x_wconf 79' lang='lat' dir='ltr'>quusi</span> <span class='ocrx_word' id='word_1_246' title='bbox 1147 3851 1209 3912; x_wconf 79' lang='grc' dir='ltr'><em>μοι·</em></span> <span class='ocrx_word' id='word_1_247' title='bbox 1230 3851 1377 3896; x_wconf 61' lang='lat' dir='ltr'>abacos</span> <span class='ocrx_word' id='word_1_248' title='bbox 1391 3829 1448 3894; x_wconf 87' lang='lat' dir='ltr'>fiat</span> 
     </span>
     <span class='ocr_line' id='line_1_34' title="bbox 232 3935 1367 4022; baseline -0.001 -20"><span class='ocrx_word' id='word_1_249' title='bbox 232 3937 353 4021; x_wconf 76' lang='lat' dir='ltr'>ignoro.</span> <span class='ocrx_word' id='word_1_250' title='bbox 398 3936 558 4022; x_wconf 85' lang='lat' dir='ltr'>expressit</span> <span class='ocrx_word' id='word_1_251' title='bbox 575 3941 681 4001; x_wconf 75' lang='lat' dir='ltr'>artem</span> <span class='ocrx_word' id='word_1_252' title='bbox 703 3935 872 4021; x_wconf 79' lang='lat' dir='ltr'>Euripides</span> <span class='ocrx_word' id='word_1_253' title='bbox 895 3935 1026 4001; x_wconf 87' lang='lat' dir='ltr'>Homeri</span> <span class='ocrx_word' id='word_1_254' title='bbox 1047 3951 1160 4000; x_wconf 87' lang='lat' dir='ltr'>versus</span> <span class='ocrx_word' id='word_1_255' title='bbox 1183 3957 1195 3998; x_wconf 94' lang='grc' dir='ltr'><em>ι</em></span> <span class='ocrx_word' id='word_1_256' title='bbox 1215 3941 1277 4000; x_wconf 78' lang='grc'>289</span> <span class='ocrx_word' id='word_1_257' title='bbox 1300 3954 1367 4018; x_wconf 92' lang='lat' dir='ltr'>sqq.</span> 
     </span>
     <span class='ocr_line' id='line_1_35' title="bbox 411 4031 1220 4125; baseline 0.002 -20"><span class='ocrx_word' id='word_1_258' title='bbox 411 4031 479 4106; x_wconf 77' lang='grc' dir='ltr'><em>ἄλλ’</em></span> <span class='ocrx_word' id='word_1_259' title='bbox 502 4037 519 4106; x_wconf 80' lang='grc' dir='ltr'>ὅ</span> <span class='ocrx_word' id='word_1_260' title='bbox 539 4039 567 4124; x_wconf 91' lang='grc' dir='ltr'>γ’</span> <span class='ocrx_word' id='word_1_261' title='bbox 591 4031 723 4118; x_wconf 86' lang='grc' dir='ltr'><em>άναῖξας</em></span> <span class='ocrx_word' id='word_1_262' title='bbox 746 4033 871 4125; x_wconf 74' lang='grc' dir='ltr'><em>ἑτάροις</em></span> <span class='ocrx_word' id='word_1_263' title='bbox 892 4035 950 4104; x_wconf 70' lang='grc' dir='ltr'>ἔπι</span> <span class='ocrx_word' id='word_1_264' title='bbox 971 4043 1080 4122; x_wconf 86' lang='grc' dir='ltr'><em>χεῖρας</em></span> <span class='ocrx_word' id='word_1_265' title='bbox 1101 4031 1220 4107; x_wconf 77' lang='grc' dir='ltr'><em>ἴαλλεν.</em></span> 
     </span>
     <span class='ocr_line' id='line_1_36' title="bbox 411 4137 1282 4230; baseline -0.006 -20"><span class='ocrx_word' id='word_1_266' title='bbox 411 4144 467 4210; x_wconf 77' lang='grc' dir='ltr'>σὺν</span> <span class='ocrx_word' id='word_1_267' title='bbox 491 4141 528 4209; x_wconf 73' lang='grc' dir='ltr'>δὲ</span> <span class='ocrx_word' id='word_1_268' title='bbox 550 4137 615 4208; x_wconf 82' lang='grc' dir='ltr'>δύω</span> <span class='ocrx_word' id='word_1_269' title='bbox 637 4137 773 4230; x_wconf 77' lang='grc' dir='ltr'><em>μάρψας</em></span> <span class='ocrx_word' id='word_1_270' title='bbox 796 4139 840 4220; x_wconf 81' lang='grc' dir='ltr'>ὥς</span> <span class='ocrx_word' id='word_1_271' title='bbox 862 4165 897 4207; x_wconf 86' lang='grc' dir='ltr'>τε</span> <span class='ocrx_word' id='word_1_272' title='bbox 921 4141 1082 4218; x_wconf 84' lang='grc' dir='ltr'><em>σκύλακας</em></span> <span class='ocrx_word' id='word_1_273' title='bbox 1105 4139 1184 4206; x_wconf 83' lang='grc' dir='ltr'><em>ποτὶ</em></span> <span class='ocrx_word' id='word_1_274' title='bbox 1207 4137 1282 4229; x_wconf 77' lang='grc' dir='ltr'><em>γαίῃ</em></span> 
     </span>
     <span class='ocr_line' id='line_1_37' title="bbox 409 4239 1359 4333; baseline -0.004 -21"><span class='ocrx_word' id='word_1_275' title='bbox 409 4242 522 4314; x_wconf 82' lang='grc' dir='ltr'><em>κόπτ’·</em></span> <span class='ocrx_word' id='word_1_276' title='bbox 551 4243 585 4313; x_wconf 80' lang='grc' dir='ltr'>ἐκ</span> <span class='ocrx_word' id='word_1_277' title='bbox 610 4247 637 4312; x_wconf 87' lang='lat' dir='ltr'>d&#39;</span> <span class='ocrx_word' id='word_1_278' title='bbox 660 4244 837 4332; x_wconf 78' lang='grc' dir='ltr'><em>ἐγκέφαλος</em></span> <span class='ocrx_word' id='word_1_279' title='bbox 857 4239 997 4330; x_wconf 80' lang='grc' dir='ltr'><em>χαμάδις</em></span> <span class='ocrx_word' id='word_1_280' title='bbox 1019 4243 1087 4333; x_wconf 81' lang='grc' dir='ltr'><em>ῥέε,</em></span> <span class='ocrx_word' id='word_1_281' title='bbox 1111 4244 1180 4310; x_wconf 77' lang='grc' dir='ltr'><em>δαῖε</em></span> <span class='ocrx_word' id='word_1_282' title='bbox 1201 4241 1237 4309; x_wconf 70' lang='grc' dir='ltr'>δὲ</span> <span class='ocrx_word' id='word_1_283' title='bbox 1258 4247 1359 4329; x_wconf 89' lang='grc' dir='ltr'><em>γαῖαν.</em></span> 
     </span>
     <span class='ocr_line' id='line_1_38' title="bbox 236 4347 1446 4436; baseline -0.002 -20"><span class='ocrx_word' id='word_1_284' title='bbox 236 4352 449 4436; x_wconf 87' lang='lat' dir='ltr'>atrocitatem,</span> <span class='ocrx_word' id='word_1_285' title='bbox 472 4359 507 4418; x_wconf 93' lang='lat' dir='ltr'>ut</span> <span class='ocrx_word' id='word_1_286' title='bbox 528 4352 598 4418; x_wconf 90' lang='lat' dir='ltr'>fieri</span> <span class='ocrx_word' id='word_1_287' title='bbox 620 4351 713 4436; x_wconf 90' lang='lat' dir='ltr'>solet,</span> <span class='ocrx_word' id='word_1_288' title='bbox 737 4351 828 4416; x_wconf 91' lang='lat' dir='ltr'>auxit</span> <span class='ocrx_word' id='word_1_289' title='bbox 849 4349 989 4416; x_wconf 87' lang='lat' dir='ltr'>imitator</span> <span class='ocrx_word' id='word_1_290' title='bbox 1004 4349 1149 4432; x_wconf 76' lang='lat' dir='ltr'>quamuis</span> <span class='ocrx_word' id='word_1_291' title='bbox 1166 4349 1315 4432; x_wconf 82' lang='lat' dir='ltr'>egregius</span> <span class='ocrx_word' id='word_1_292' title='bbox 1330 4347 1446 4416; x_wconf 87' lang='lat' dir='ltr'>descri-</span> 
     </span>
     <span class='ocr_line' id='line_1_39' title="bbox 235 4451 1448 4541; baseline -0.002 -20"><span class='ocrx_word' id='word_1_293' title='bbox 235 4457 353 4541; x_wconf 87' lang='lat' dir='ltr'>ptionis</span> <span class='ocrx_word' id='word_1_294' title='bbox 383 4457 563 4522; x_wconf 89' lang='lat' dir='ltr'>subtilitate.</span> <span class='ocrx_word' id='word_1_295' title='bbox 609 4461 715 4522; x_wconf 87' lang='lat' dir='ltr'>tamen</span> <span class='ocrx_word' id='word_1_296' title='bbox 744 4454 851 4539; x_wconf 87' lang='lat' dir='ltr'>paullo</span> <span class='ocrx_word' id='word_1_297' title='bbox 874 4454 1040 4518; x_wconf 86' lang='lat' dir='ltr'>humanior</span> <span class='ocrx_word' id='word_1_298' title='bbox 1063 4451 1205 4518; x_wconf 89' lang='lat' dir='ltr'>redditus</span> <span class='ocrx_word' id='word_1_299' title='bbox 1227 4458 1276 4518; x_wconf 90' lang='lat' dir='ltr'>est</span> <span class='ocrx_word' id='word_1_300' title='bbox 1299 4452 1448 4538; x_wconf 78' lang='lat' dir='ltr'>Cyclops,</span> 
     </span>
     <span class='ocr_line' id='line_1_40' title="bbox 236 4555 1447 4642; baseline 0 -18"><span class='ocrx_word' id='word_1_301' title='bbox 236 4560 291 4642; x_wconf 91' lang='lat' dir='ltr'>qui</span> <span class='ocrx_word' id='word_1_302' title='bbox 319 4579 414 4626; x_wconf 87' lang='lat' dir='ltr'>carne</span> <span class='ocrx_word' id='word_1_303' title='bbox 443 4559 582 4625; x_wconf 86' lang='lat' dir='ltr'>vescitur</span> <span class='ocrx_word' id='word_1_304' title='bbox 611 4580 674 4625; x_wconf 90' lang='lat' dir='ltr'>non</span> <span class='ocrx_word' id='word_1_305' title='bbox 700 4559 802 4625; x_wconf 92' lang='lat' dir='ltr'>solum</span> <span class='ocrx_word' id='word_1_306' title='bbox 826 4578 890 4624; x_wconf 92' lang='lat' dir='ltr'>non</span> <span class='ocrx_word' id='word_1_307' title='bbox 910 4557 1010 4623; x_wconf 89' lang='lat' dir='ltr'>cruda</span> <span class='ocrx_word' id='word_1_308' title='bbox 1038 4555 1097 4622; x_wconf 88' lang='lat' dir='ltr'>sed</span> <span class='ocrx_word' id='word_1_309' title='bbox 1119 4555 1201 4622; x_wconf 84' lang='lat' dir='ltr'>adeo</span> <span class='ocrx_word' id='word_1_310' title='bbox 1223 4557 1321 4640; x_wconf 90' lang='lat' dir='ltr'>elixa,</span> <span class='ocrx_word' id='word_1_311' title='bbox 1352 4575 1447 4638; x_wconf 88' lang='lat' dir='ltr'>quam</span> 
     </span>
    </p>
   </div>
   <div class='ocr_carea' id='block_1_3' title="bbox 280 4666 1230 4734">
    <p class='ocr_par' dir='ltr' id='par_1_3' title="bbox 280 4659 1230 4737">
     <span class='ocr_line' id='line_1_41' title="bbox 280 4666 1230 4734; baseline -0.002 -10"><span class='ocrx_word' id='word_1_312' title='bbox 280 4680 731 4734; x_wconf 77' lang='lat' dir='ltr'>Wilamowlta·1l10ellandcrlt,</span> <span class='ocrx_word' id='word_1_313' title='bbox 746 4679 858 4722; x_wconf 74' lang='lat' dir='ltr'>Analecta</span> <span class='ocrx_word' id='word_1_314' title='bbox 871 4679 1001 4730; x_wconf 72' lang='lat' dir='ltr'>Euripidae.</span> <span class='ocrx_word' id='word_1_315' title='bbox 1190 4666 1230 4726; x_wconf 78' lang='lat'>15</span> 
     </span>
    </p>
   </div>
   <div class='ocr_carea' id='block_1_4' title="bbox 0 0 1861 5296">
    <p class='ocr_par' dir='ltr' id='par_1_4' title="bbox 0 0 1861 5296">
     <span class='ocr_line' id='line_1_42' title="bbox 0 0 1861 5296; baseline 0 0"><span class='ocrx_word' id='word_1_316' title='bbox 0 0 1861 5296; x_wconf 95' lang='lat' dir='ltr'> </span> 
     </span>
    </p>
   </div>
  </div>
 </body>
</html>
