3594 5292
782 443 804 497 Ι.
820 441 848 498 4.
1398 441 1433 499 21

222 614 332 699 velim,
356 617 548 684 conlationes
570 637 661 684 meae
684 618 799 684 iterum
821 638 892 682 cum
913 616 1072 684 oodicibus
1096 617 1309 702 conferantur,
1338 617 1432 683 modo

222 741 262 786 ne
293 741 334 786 ex
363 720 542 788 delicatulis
572 723 739 806 quisquam
766 723 825 788 hoc
845 743 933 788 onus
963 729 1123 808 capessam
1155 723 1209 806 qui
1228 723 1327 788 semel
1349 727 1380 787 et
1401 723 1434 787 in

223 831 406 892 transcursu
447 827 597 912 inspectis
634 829 744 912 paucis
778 827 856 894 locis
892 811 1058 892 diiudicari
1088 827 1248 912 opinetur,
1280 833 1385 892 utrum
1413 847 1434 891 a

222 930 325 1014 prima
347 950 387 994 an
410 953 431 996 a
452 932 593 998 secunda
615 953 656 998 an
678 933 719 997 ab
738 918 963 1016 interpolatore
985 932 1065 996 Italo
1088 932 1176 998 locus
1204 927 1363 999 correctus
1384 932 1434 1016 sit,

222 1035 334 1100 hocine
356 1055 398 1100 an
417 1036 496 1100 illud
514 1037 550 1102 in
572 1055 685 1103 rasura
705 1037 813 1102 lateat.
859 1057 918 1119 ogo
939 1055 1010 1100 cum
1025 1035 1068 1100 ad
1083 1035 1141 1101 has
1156 1035 1282 1100 fabulas
1297 1041 1433 1120 transeo,

222 1138 303 1204 duas
330 1159 381 1204 res
411 1141 604 1208 certissimas
633 1141 749 1224 habeo,
776 1161 827 1207 me
856 1147 887 1206 οι
910 1159 1008 1228 saepe
1036 1159 1175 1223 errasse,
1207 1139 1319 1227 (saepe
1350 1140 1433 1204 enim

221 1243 307 1308 idem
337 1264 399 1308 non
421 1245 537 1311 Furiae
565 1251 686 1311 tantum
717 1245 776 1312 sed
802 1241 999 1328 diligentium
1025 1243 1186 1310 hominum
1214 1265 1338 1310 errores
1366 1263 1432 1309 oor-

223 1345 305 1434 rexi)
327 1354 359 1412 et
381 1368 438 1432 pro
461 1351 622 1416 oculorum
644 1351 822 1432 mentisque
844 1356 877 1416 ei
901 1350 969 1417 acie
993 1354 1024 1414 et
1047 1349 1188 1414 sollertia
1201 1349 1263 1415 nisi
1283 1349 1315 1414 in
1334 1347 1432 1414 minu-

221 1451 274 1518 tiis
297 1452 498 1520 adcuratiora
518 1456 596 1522 dare
618 1476 681 1521 non
703 1456 853 1540 potuisse.

509 1645 533 1702 1.
568 1643 621 1702 ioci
638 1643 693 1715 pist
712 1658 794 1702 τιιιυ
814 1643 970 1703 ιιτΙιιίιτιτι
987 1641 1152 1712 congruentes.

221 1757 261 1798 vs,
307 1745 325 1798 4
360 1742 458 1814 λιὶτριν
475 1744 528 1799 ΡΟ.
565 1744 666 1821 λα’τρην
685 1763 706 1800 ο.

309 1831 326 1884 9
357 1830 536 1903 χρυσολόχου
555 1832 609 1888 ΡΟ.
642 1830 841 1908 χρυσολόγχου
860 1850 885 1900 p.

292 1919 326 1972 14
361 1919 453 1988 ἁγνῶς
467 1918 521 1974 ΡΟ.

291 2005 326 2057 22
361 2011 474 2080 φρουρῶ
492 2005 545 2060 ΡΟ.

180 2084 182 2088 ’
290 2092 327 2146 40
363 2090 482 2146 εἰλικτόν
497 2092 549 2148 ΡΟ.
675 2163 679 2171 ¹

291 2178 325 2233 81
361 2177 414 2249 ἐγώ
430 2178 485 2234 ΡΟ.
520 2180 608 2250 ἔγωγε
627 2197 648 2233 υ.
705 2227 708 2233 ,

275 2256 326 2320 134
361 2267 499 2336 εὐφάμοις
516 2268 547 2320 δὲ
566 2267 664 2325 πόνοις
682 2267 751 2320 P.et
769 2265 791 2318 Ο
810 2268 872 2318 ante
890 2281 1009 2318 rasorem
1027 2267 1072 2333 (ο),

274 2353 324 2408 151
360 2345 417 2406 αλεί
433 2352 487 2408 ΡΟ.

274 2441 326 2494 156
357 2446 490 2510 χρίπτειν
506 2447 638 2515 θριχχοῐς
654 2439 708 2494 ΡΟ.
746 2438 860 2493 correxit
879 2439 1013 2490 Masurii&

274 2526 325 2580 162
361 2524 430 2578 ἄλλα
449 2527 467 2580 i.
486 2543 508 2580 θ.
527 2526 595 2596 ἄλλᾳ
614 2525 668 2580 ΡΟ.
838 2524 839 2533 ’

273 2613 323 2666 16ῖ
361 2616 460 2683 λίμνας
477 2613 560 2680 ἐπίβα
578 2611 632 2666 ΡΟ.

272 2699 324 2753 174
355 2703 457 2769 χωρῶν
475 2699 567 2758 ιλίναις
584 2697 638 2752 ΡΟ.
674 2700 703 2751 ἐν
721 2697 819 2751 inserit
838 2714 860 2751 c.

271 2785 322 2840 195
358 2787 438 2856 ἐμαῖς
454 2784 507 2840 ΡΟ.

221 2869 223 2878 '
269 2871 320 2925 217
357 2873 513 2942 ἀπολέμοις
532 2870 585 2925 ΡΟ.
622 2869 788 2941 ἆτιολεμίοις
803 2887 825 2925 υ.

268 2959 321 3012 222
357 2961 427 3018 ξένοι
446 2955 500 3012 ΡΟ.

269 3045 320 3098 251
357 3045 478 3116 ἔσχομεν
498 3043 553 3098 ΡΟ.

269 3131 320 3184 257
361 3129 490 3201 φρόντιζέ
504 3151 531 3182 τι
552 3130 606 3185 ΡΟ.

270 3217 323 3271 264
358 3221 493 3270 τοσαῦτα·
515 3215 701 3288 κεύτυχοῦμεν
718 3215 772 3270 ΡΟ.

269 3304 322 3359 282
357 3309 486 3375 τριαίνας
502 3301 556 3356 ΡΟ.
592 3309 713 3375 τριαίνης
728 3319 754 3371 p.

271 3389 323 3442 312
360 3388 437 3450 αὖτις
454 3390 509 3443 PC.
546 3391 652 3444 constat
670 3389 722 3442 sibi
742 3395 769 3442 Φ
785 3388 814 3442 in
830 3387 881 3440 hac
898 3385 1038 3454 scriptura.

270 3477 324 3532 318
358 3475 533 3534 καὶτίςΡΟ,

270 3563 321 3617 331
358 3563 438 3615 εἶπον
456 3567 483 3615 εἴ
499 3583 549 3634 μοι
568 3559 685 3629 ξυλλαβη
702 3559 756 3614 ΡΟ.

269 3649 319 3704 337
357 3646 441 3723 ἄργος
460 3649 476 3714 ἠ
496 3645 561 3708 θεός
579 3647 632 3702 ΡΟ.
669 3647 751 3700 schol.
769 3645 790 3700 Ο
809 3661 901 3700 versus
919 3643 1070 3712 marginem
1089 3644 1219 3712 scriptum
1237 3643 1252 3710 ἡ
1273 3640 1368 3701 αἰδώς.

271 3737 324 3793 340
358 3735 447 3809 πάρος
462 3735 516 3791 ΡΟ.

59 3836 61 3850 “
170 3833 176 3844 ”
271 3825 323 3879 342
359 3821 448 3875 ἀθλία
461 3820 515 3875 ΡΟ.

272 3913 327 3966 370
359 3910 460 3963 lineola
477 3909 596 3977 praefixa
613 3901 666 3962 PC.

271 3999 324 4054 386
360 3997 395 4050 σὺ
415 3997 440 4050 δ’
457 3996 487 4049 Ρ.
527 3994 571 4048 σὺ.
591 3995 620 4050 Ο.
657 3992 692 4047 σύ
713 3995 780 4064 γὀ.

269 4086 322 4139 416
357 4081 448 4154 πάρος
466 4081 519 4135 ΡΟ.
554 4079 642 4140 πάλος
660 4097 682 4134 c.

270 4173 323 4226 429
357 4170 453 4236 ἠξινη
472 4167 493 4222 Ο
512 4169 578 4222 οιΡ
605 4168 652 4237 qui
678 4180 794 4222 errorem
819 4183 898 4236 quem
922 4167 1093 4222 commiserat
1118 4173 1147 4221 οἱ
1166 4167 1237 4228 ξένοι
1260 4166 1319 4235 ip‘se
1339 4167 1434 4244 statim

358 4250 491 4312 corrodis
580 4295 582 4303 ,

270 4341 488 4400 43012521’0.

271 4433 325 4486 434
359 4425 494 4505 ι’τροσήκει
513 4427 619 4486 τοῦιλυς·
631 4428 685 4484 ΡΟ.

271 4519 324 4574 435
358 4517 517 4589 πρόχοισιν
533 4513 586 4571 ΡΟ.
622 4517 778 4590 πρόχοισιν
794 4533 820 4586 p.

272 4605 324 4660 441
360 4601 478 4675 πεφύκει
498 4601 551 4657 ΡΟ.
