3666 5296
845 359 882 415 11.
900 360 925 415 5.
1414 405 1416 408 .
1439 361 1490 416 183

280 552 369 598 meus
391 531 618 616 Apollodorum
646 531 856 597 bibliothecae
882 521 1083 616 scriptorem,
1113 551 1207 615 quem
1227 532 1329 616 primo
1349 532 1491 628 alterove

280 642 353 722 post
380 635 540 702 Christum
570 643 678 723 natum
713 637 838 702 saeculo
865 636 985 702 vixisse
1012 636 1119 722 evicit,
1152 642 1280 721 praeter
1308 635 1491 702 Acusilaum

279 739 497 826 Pherecydem
524 739 747 826 Asclepiadem
779 727 1036 824 argumentorum
1070 739 1208 824 quadarn
1241 740 1367 826 sylloge
1399 761 1490 808 usum

282 863 352 910 esse
382 844 621 928 demonstravit3
656 863 848 928 quamquam
881 851 912 910 et
933 844 1114 928 diligentius
1137 844 1301 929 opiniones
1322 864 1397 912 suas
1419 865 1490 929 per-

281 955 430 1031 sequatur
453 955 589 1034 oportet,
613 955 645 1014 01
666 949 817 1014 nonnulla
838 947 998 1015 dexterius
1022 948 1288 1034 administrasset,
1312 949 1339 1014 si
1353 948 1490 1030 Michae

280 1053 320 1120 lis
342 1073 438 1138 opere
460 1053 505 1118 uti
527 1053 557 1118 ei
578 1053 726 1119 licuisset.
762 1059 930 1138 praeterea
953 1054 1048 1120 simili
1067 1053 1147 1119 libro
1162 1053 1324 1138 Hyginum
1338 1053 1490 1137 pleraque

280 1157 397 1224 debere
418 1157 561 1241 vulgaris
580 1157 686 1241 opinio
711 1164 759 1222 est
782 1157 926 1240 quamvis
947 1158 1054 1224 multis
1078 1157 1324 1250 dubitationibus
1345 1157 1488 1230 obnoxia.

279 1268 315 1328 ut
343 1261 426 1328 enirn
454 1260 612 1326 interdum
633 1262 704 1345 ipse
732 1261 882 1346 excripsit
908 1268 1108 1347 argumenta,
1141 1262 1187 1328 ita
1207 1261 1261 1326 vel
1282 1261 1409 1346 saepius
1427 1283 1490 1332 noc

175 1409 180 1418 -
278 1363 335 1451 τὴν
356 1361 534 1451 τραγῳδίαν
563 1372 690 1432 enarrat
712 1365 770 1430 sed
791 1365 829 1430 τὸ
852 1360 1122 1451 τραγῳδούμενον.
1161 1364 1269 1432 confer
1290 1365 1385 1433 modo
1407 1367 1490 1451 Iphi·

278 1471 393 1555 geniae
407 1457 562 1536 Tauricae
579 1469 719 1536 fabulam
735 1491 775 1536 ex
789 1470 940 1556 Euripide
953 1470 1153 1556 pendentem,
1167 1489 1367 1554 nequaquam
1381 1491 1490 1562 reruni
1559 1553 1562 1559 .

281 1580 511 1657 argumentum.
561 1582 728 1659 praetcrea
758 1576 878 1661 Hygini
904 1575 1029 1648 fabulas
1057 1582 1123 1640 tam
1152 1576 1236 1641 male
1266 1575 1392 1642 habitas
1421 1596 1490 1660 rep·

279 1679 364 1764 perit
386 1679 547 1765 Micyllus,
574 1680 765 1746 novissimus
795 1680 897 1746 editor
918 1686 1006 1746 tanto
1028 1680 1120 1764 peius
1138 1679 1298 1764 tractarit,
1321 1685 1356 1744 ut
1376 1699 1489 1764 parum

279 1782 389 1849 solidis
403 1783 547 1866 quaestio
561 1783 984 1865 innitereturi'undamentis.
1022 1802 1105 1867 quae
1120 1803 1191 1848 cum
1204 1783 1251 1848 ita
1265 1783 1343 1868 sint,
1364 1784 1488 1872 pusillo,

279 1886 365 1970 quod
386 1887 565 1971 repperisse
586 1888 664 1953 mihi
684 1887 809 1972 videor,
831 1887 915 1954 iacto
936 1887 1076 1954 buturum
1088 1887 1201 1954 barum
1217 1907 1322 1954 rerum
1336 1887 1489 1972 arbitrum

278 2011 342 2058 non
363 1989 431 2056 sine
451 1989 554 2056 fructu
575 1991 621 2058 uti
641 2012 736 2076 posse
763 1991 873 2076 credo,
901 1991 1033 2058 durasse
1054 1990 1297 2077 Euripideorum
1317 1992 1489 2062 carminum

278 2101 466 2178 argumenta
491 2095 645 2179 peculiari
667 2097 774 2162 libello
800 2097 946 2180 exposita
971 2115 1072 2178 usque
1096 2095 1129 2160 in
1150 2115 1223 2163 sera
1244 2096 1490 2180 Byzantinornm

278 2205 438 2283 tempora,
474 2197 627 2284 Aeschyli
659 2199 887 2284 Sophoclisque
920 2199 1098 2264 fabularum
1129 2220 1194 2266 non
1223 2199 1308 2265 item.
1365 2183 1489 2273 omnino

238 2375 240 2379 ,
279 2303 362 2370 enim
389 2303 531 2369 neutrius
558 2303 684 2370 illorum
710 2304 902 2388 tragicorum
931 2309 1151 2386 argumentum
1181 2309 1268 2369 extat
1292 2310 1421 2388 praeter
1442 2323 1490 2389 ea,

278 2427 361 2491 quae
393 2406 509 2474 fabuHs
540 2408 760 2492 superstitibus
791 2407 990 2492 praescripta
1017 2413 1101 2491 sunt,
1135 2407 1162 2472 si
1189 2407 1230 2472 ab
1256 2427 1321 2473 una
1348 2407 1488 2493 Euryalo

281 2512 453 2597 Sophoclis
482 2511 619 2597 recedis,
653 2531 748 2594 quam
773 2511 962 2578 Parthenius
989 2510 1051 2578 sab.
1075 2518 1094 2576 3
1123 2511 1280 2596 excerpsit
1308 2512 1489 2600 ceteroquin

278 2617 487 2700 incognitam
516 2636 653 2700 namque
678 2616 739 2682 hoc
764 2616 805 2681 ab
830 2617 902 2700 ipso
923 2615 1094 2682 Parthenio
1121 2614 1281 2682 conditum
1303 2635 1375 2682 esse
1396 2637 1487 2700 argu-

279 2726 417 2788 mentum
438 2741 587 2805 comper
607 2741 642 2786 se
663 2727 763 2806 patet,
785 2727 852 2786 tum
873 2726 983 2804 aperte
1006 2739 1045 2786 eo
1068 2718 1244 2786 ostenditur
1266 2719 1351 2802 quod
1364 2721 1488 2804 integer

279 2824 445 2909 Sophoclis
473 2824 663 2908 versiculus,
698 2817 792 2906 quein
823 2824 922 2908 probe
946 2823 1124 2890 Meinehius
1158 2823 1323 2908 adgnovit,
1355 2825 1489 2890 orationi
1582 2909 1584 2914 Ι

280 2930 418 2996 intextus
440 2935 501 3026 est,
523 2928 671 2994 nimirum
683 2928 916 3011 obquaesitam
931 2929 1121 3016 elegantiam
1137 2927 1283 2994 Cornelio
1299 2927 1488 2995 (101100001-

278 3033 484 3102 mandandus.
530 3031 731 3099 crediderunt
758 3031 885 3116 quidem
907 3031 994 3098 haud
1015 3053 1088 3098 raro
1109 3033 1169 3098 viri
1191 3032 1276 3098 docti
1296 3032 1487 3121 Aeschyleo

278 3158 347 3204 rum
361 3136 642 3222 Sophocliarumve
656 3137 892 3221 tragoediarum
906 3143 1093 3220 argumenta
1106 3137 1250 3203 manibus
1265 3137 1356 3220 quasi
1370 3143 1488 3222 tenere,

278 3241 336 3310 scd
358 3247 552 3324 evanuerunt
573 3241 686 3308 omnia.
730 3263 805 3307 nam
824 3241 865 3307 de
883 3241 1070 3308 Hehadibus
1083 3241 1236 3326 Aeschyli
1255 3239 1487 3326 supradictum

279 3352 342 3430 est,
364 3353 396 3412 et
414 3365 496 3428 quae
520 3344 561 3412 de
577 3346 705 3430 Tyrone
724 3345 830 3430 prodit
845 3344 1060 3430 Apollodorus
1076 3347 1092 3409 l
1109 3353 1137 3429 9,
1154 3353 1173 3410 8
1195 3344 1380 3428 tragoediae
1395 3365 1486 3429 argu-
1521 3404 1525 3407 ,

278 3457 416 3518 mentum
447 3449 533 3515 nullo
561 3449 630 3515 iure
661 3449 790 3516 dieitur:
831 3450 950 3516 omissa
980 3450 1062 3516 enim
1085 3456 1134 3515 est
1152 3453 1275 3514 summa
1293 3448 1487 3534 tragoediae,

278 3543 489 3638 ἆναγνώρισις
514 3553 571 3618 1110
598 3573 693 3636 quarn
720 3553 849 3637 respicit
869 3552 1100 3636 Aristophanes
1120 3552 1251 3637 Lysistr.
1277 3560 1337 3618 138
1367 3553 1486 3620 Aristo·

277 3659 357 3724 tales
375 3663 459 3744 poet.
485 3655 588 3722 1454b
605 3663 661 3740 253
684 3677 723 3722 ea
749 3655 897 3740 denique,
921 3676 1003 3740 quae
1024 3656 1190 3741 Sophoclis
1214 3654 1355 3741 ,Κωφοὺς
1375 3651 1486 3742 (σατύ-

278 3761 364 3850 ρους)
397 3767 523 3828 0000100
557 3760 653 3826 schol.
686 3760 835 3827 Nicandr.
865 3761 959 3827 Ther.
987 3767 1049 3826 353
1083 3766 1204 3844 narrat,
1239 3760 1301 3825 huc
1329 3759 1488 3845 pertinere

276 3867 331 3932 vix
350 3865 516 3950 quisquam
534 3864 713 3950 putaverits
1388 3863 1389 3866 ’
1470 3923 1472 3928 .

364 3969 406 4034 Α1
427 3970 461 4036 10
480 3968 632 4054 Euripide
655 3989 706 4035 res
726 3970 820 4053 longe
841 3970 911 4036 alia
955 3991 1029 4036 nam
1050 3969 1197 4055 Hyginus
1217 3969 1376 4048 nominato
1397 3967 1486 4034 Euri-

278 4074 353 4160 pide
375 4079 561 4158 argnmenta
580 4075 712 4158 praebet
733 4074 895 4154 Antiopae
917 4080 949 4140 et
970 4074 1085 4140 Inertis
1112 4094 1176 4140 non
1194 4073 1354 4138 nominato
1369 4072 1485 4138 Arche·

279 4178 326 4243 lui
353 4178 546 4244 et-fortasse
567 4179 779 4259 Melanippa
809 4179 967 4259 captivae,
994 4173 1205 4262 Apollodorus
1227 4176 1388 4242 nominato
1412 4175 1484 4241 Alc-

279 4283 397 4349 meonis
421 4279 581 4348 Corinthii
602 4303 666 4350 000
684 4282 844 4348 nominato
862 4281 989 4364 Polyidi
1014 4281 1181 4347 Phocaicis
1200 4279 1357 4364 Meleagri
1372 4280 1484 4345 Actio-

273 4410 339 4473 pce
360 4387 565 4474 (quamquam
583 4388 692 4473 paullo
707 4387 798 4476 aliter
812 4385 1038 4453 conformatam
1056 4392 1151 4470 atque
1169 4381 1328 4472 Hyginus)
1342 4382 1483 4477 Medeae.
1505 4413 1509 4420 ¹

279 4491 459 4559 testimonia
479 4492 513 4557 in
534 4493 679 4577 catalogo
697 4491 876 4577 perscripta
895 4497 973 4558 sunt.
1014 4491 1108 4574 longe
1127 4496 1231 4556 autem
1252 4489 1484 4577 gravissimum,
