3594 5292
911 421 934 474 I.
951 423 979 476 2.

478 599 571 664 tobes,
601 604 711 652 ονονενα
735 611 873 665 μονεντε
899 592 1047 648 οοαῑοοατὲ
1080 594 1152 664 quod
1175 595 1398 652 absurdissimum
1423 615 1477 652 uou
1501 613 1554 660 uno

480 687 587 758 nomine
614 689 662 740 est.
700 682 835 736 debebant
861 681 946 750 igitur
968 681 1085 735 editores
1111 684 1188 747 ἰδοῦ,
1213 683 1285 752 quod
1310 685 1410 739 Aldina
1428 685 1553 753 Cyclopis

418 773 419 776 ’
479 773 567 827 verbis
585 769 749 841 praemittit,
773 769 881 822 etiamsi
898 769 1002 822 Musuri
1022 769 1175 822 coniectura
1192 774 1279 836 esset,
1298 773 1357 840 (neo
1375 776 1468 826 tamen
1481 773 1554 826 coni·
1595 829 1597 832 ,

428 889 430 898 ,
479 860 586 914 ciuntur
603 857 682 926 talia)
699 857 826 924 recipere.
862 857 892 908 at
910 853 930 908 C
951 854 1067 909 dilucide
1085 855 1157 909 idem
1175 857 1295 925 praebet.
1332 859 1489 928 apographa
1500 860 1553 928 igi-

478 950 523 1001 tur
541 943 716 1000 Laurentiaui
740 941 834 996 eadem
858 941 1008 1010 desipiente
1035 943 1169 1010 sapientia
1186 945 1293 1010 poetam
1313 949 1484 999 correxerunt
1501 962 1555 1015 qua

479 1032 608 1086 librarius
625 1031 664 1091 P;
695 1029 809 1082 omisere
841 1027 955 1092 scilicet,
986 1029 1083 1098 quibus
1106 1045 1232 1083 numeros
1262 1031 1429 1100 pessumdari
1463 1031 1553 1086 erede-

480 1120 585 1188 bant.²)
622 1116 655 1171 ef,
673 1116 756 1170 Arist.
775 1115 845 1186 Equ.
864 1115 931 1170 1237
950 1116 998 1169 ubi
1018 1115 1074 1168 εἶεν
1090 1121 1165 1170 extra
1181 1131 1288 1170 versum
1306 1118 1425 1186 positum
1444 1135 1513 1173 uuus
1529 1119 1554 1173 V

481 1205 605 1263 servavit.

339 1331 378 1368 vs.
393 1315 444 1370 604
479 1308 582 1369 ναύτας,
596 1311 618 1362 τ’
639 1306 667 1366 C.
689 1313 756 1367 ναῦς
773 1311 796 1360 τ’
813 1309 844 1362 Ρ.

477 1395 583 1452 addidit
608 1395 691 1450 etiam
707 1410 846 1462 perversa,
871 1395 1028 1464 plerumque
1045 1393 1190 1463 repetendo
1209 1395 1265 1449 sive
1286 1395 1393 1450 litteras
1418 1395 1475 1450 sive
1496 1396 1553 1465 syl-

478 1483 568 1547 labas,
595 1499 648 1552 quc
672 1481 701 1534 in
722 1480 865 1535 iudicando
887 1481 1040 1535 memineris
1062 1481 1144 1534 velim
1166 1479 1277 1535 ultimas
1300 1484 1441 1537 verborum
1467 1482 1549 1552 sylla-

481 1570 530 1626 bas
550 1569 709 1638 saepissime
727 1583 776 1636 per
793 1565 942 1636 conpendia
960 1567 1075 1636 scriptas
1093 1568 1148 1622 iam
1166 1568 1194 1621 in
1215 1575 1243 1622 Φ
1261 1568 1353 1624 fuisse.

392 1677 444 1732 369
481 1670 666 1746 depositioni).
692 1669 830 1744 δωμάτων
847 1675 869 1724 τ’
889 1673 918 1726 P.

477 1759 582 1816 in'loco
600 1758 762 1814 difficillimo
780 1759 849 1812 nihil
868 1759 966 1813 certius
985 1761 1042 1826 est,
1054 1775 1150 1849 uquam
1167 1762 1189 1810 τ’
1207 1759 1277 1814 illud
1295 1759 1431 1816 socordiae
1450 1759 1554 1815 scribae

391 1903 395 1910 ,
478 1847 583 1914 deberi,
603 1847 727 1900 ultimam
739 1847 860 1900 litteram
872 1845 945 1901 vocis
966 1844 1062 1917 δωμάτ
1088 1847 1242 1915 repetentis.

364 1953 445 2029 '‘373
481 1948 558 2023 ἑφθά
576 1969 605 2004 τε
625 1947 791 2021 δαινύμενος
810 1946 840 2002 C.
868 1947 944 2019 ἑφθά
962 1966 991 2002 τε
1010 1951 1056 2000 καὶ
1076 1945 1243 2020 δαινύμενος
1265 1950 1295 2002 Ρ.

390 2039 442 2094 638
477 2035 579 2092 ταυτὸν
597 2035 754 2090 πεπόνθατ’
774 2033 804 2089 C.
827 2031 929 2088 ταυτόν
945 2051 974 2088 τε
994 2031 1150 2088 πεπόνθατ’
1168 2033 1200 2087 P.

835 2198 856 2254 C
880 2200 1054 2268 peccavit.

393 2341 444 2396 198
482 2343 570 2394 στένοι
590 2338 621 2391 Ρ.
649 2341 739 2390 στένει
758 2334 787 2390 C.
814 2351 846 2390 ex
866 2335 1059 2404 pronuntiandi
1077 2337 1153 2390 vilio.

388 2427 442 2484 204
476 2424 613 2484 Διόνυσος
629 2424 665 2488 Ρ,-
688 2420 829 2482 διώνυσος
845 2421 874 2476 O.
901 2422 995 2477 eadem
1012 2424 1045 2478 de
1064 2439 1154 2477 causa.

388 2515 442 2571 390
476 2509 579 2583 catone
598 2512 631 2564 δέ
646 2510 678 2566 P.
701 2507 808 2580 σκύφος
824 2527 851 2562 τε
870 2510 901 2564 C.
926 2510 955 2564 iu
975 2510 1037 2564 istis
1055 2511 1195 2578 particulis
1213 2509 1294 2563 multi
1311 2509 1459 2564 scribarum
1477 2527 1550 2564 erro·

476 2615 519 2654 res
537 2597 615 2654 nobis
633 2599 781 2652 occurrent.

386 2705 438 2760 481
473 2702 557 2774 ἐμοὺς
572 2703 603 2756 P.
629 2701 698 2772 ἒμοῖ
717 2699 746 2754 C.
772 2701 873 2756 omissa
889 2678 982 2756 littera
999 2704 1138 2756 accentum
1157 2715 1261 2770 quoque
1280 2701 1404 2754 mutavit.

844 2869 940 2924 dubii
964 2869 1041 2922 loci.

475 2991 505 3045 in
524 2992 682 3059 argumento
701 2988 780 3062 παρὰ
799 2989 889 3043 αὐτῶν
905 2987 935 3042 C.
957 2990 1022 3060 παρ’
1042 2988 1132 3040 αὐτῶν
1147 2985 1179 3042 Ρ.

405 3095 438 3150 87
474 3093 503 3147 in
521 3091 575 3147 fine
591 3109 685 3146 versus
703 3092 799 3161 αὐχέσι
819 3090 849 3145 G.
872 3089 987 3160 αὐχέσιν
1004 3090 1034 3143 Ρ.
1062 3091 1131 3144 solet
1146 3089 1304 3144 tl>litteram
1315 3091 1504 3159 paragogicam
1520 3109 1550 3146 co

475 3179 534 3236 loeo
561 3179 697 3244 omittere,
724 3193 785 3232 raro
813 3177 968 3246 discrepant
990 3177 1154 3246 apographa.
1191 3193 1205 3230 e
1225 3179 1287 3246 etp
1311 3195 1391 3247 saepe
1409 3195 1468 3232 esm
1488 3195 1549 3248 sup-

475 3267 591 3336 plevere.

387 3371 439 3426 495
474 3369 569 3423 unicus
592 3369 667 3422 locus
691 3368 784 3436 paullo
803 3367 920 3436 gravior.
956 3384 1048 3422 verum
1071 3368 1223 3422 certissima
1249 3369 1401 3422 coniectura
1428 3369 1550 3442 restituit

479 3457 650 3510 Hermannus
666 3453 760 3526 μάκαρ
778 3453 854 3512 ὅστις
872 3452 981 3516 adtritae.
1370 3445 1371 3448 Ἴ

477 3541 498 3596 C
517 3537 755 3612 habet·p1axdpcoc
773 3538 804 3600 ὃς
822 3539 932 3602 adtritae.

477 3629 499 3682 P
616 3623 757 3697 μακάριος
775 3623 850 3686 ὅστις
870 3623 997 3694 σεβιάζει.

476 3714 540 3768 hinc
558 3712 681 3784 sequitur
700 3719 728 3766 Φ
746 3710 874 3767 habuisse
890 3711 1026 3788 μακάριος
1044 3710 1119 3776 ὅστις
1132 3713 1250 3776 siccitas
1269 3715 1291 3768 P
1309 3715 1418 3783 propter
1430 3731 1549 3784 pronun-

474 3800 564 3855 tiandi
575 3798 672 3854 vitium
685 3799 817 3868 peccavit,
837 3797 858 3852 C
877 3799 1026 3854 omittendo
1043 3819 1098 3867 τις,
1117 3800 1227 3870 gravius
1244 3819 1308 3856 sane
1319 3821 1406 3872 neque
1419 3807 1450 3857 ut
1462 3803 1548 3856 inter-

483 3887 630 3955 polationis
646 3886 774 3941 metricae
789 3885 969 3954 suspicionem
988 3887 1105 3957 effugere
1121 3893 1220 3957 posset.

423 4142 449 4211 1)
468 4139 593 4196 Graviter
609 4139 783 4209 vituperandi
801 4142 865 4195 sunt
882 4139 1000 4196 editores
1013 4143 1123 4210 excepto
1135 4141 1315 4208 Kirohhoffio,
1334 4144 1381 4212 qui
1399 4161 1433 4198 ne
1445 4147 1548 4200 monito

335 4226 444 4298 quidem
468 4228 568 4282 lectore
590 4229 684 4282 notam
702 4229 765 4282 aute
782 4242 821 4280 vs.
836 4227 889 4282 485
907 4225 964 4296 ᾠδὴ
984 4228 1102 4282 ἔνδοθεν
1121 4243 1202 4296 quam
1213 4227 1258 4282 PC
1275 4230 1403 4297 praebere
1416 4231 1545 4297 sciebant,

335 4313 513 4370 omittendam
539 4315 680 4369 duxerunt.
716 4330 751 4367 an
779 4312 851 4368 idem
875 4313 904 4368 in
926 4317 1032 4387 μυγμῷ
1055 4313 1233 4368 Eumenidum
1256 4317 1301 4369 rel
1322 4315 1405 4370 Arist.
1429 4317 1478 4371 Av.
1498 4319 1550 4375 223

333 4401 432 4458 facturi
449 4400 533 4458 suut?
558 4400 705 4470 siquando
728 4415 789 4454 raro
815 4416 878 4456 casu
896 4400 1010 4464 accidit,
1033 4403 1065 4454 ut
1086 4401 1156 4456 tales
1175 4403 1284 4456 notulae
1304 4405 1419 4456 aetatem
1440 4403 1549 4470 ferrent,

331 4487 361 4544 id
382 4489 454 4544 iusto
477 4486 577 4558 gaudio
604 4485 788 4542 extollendum
810 4502 981 4556 nequaquam
1004 4486 1099 4554 opinor
1122 4486 1266 4558 adroganti
1288 4487 1399 4542 silentio
1418 4505 1546 4556 premen-

334 4573 398 4630 dum
416 4576 466 4630 est
