3594 5292
1449 425 1482 478 ul

265 603 403 681 pagatae
426 599 517 678 sunt,
538 595 601 659 imo
624 595 736 660 sollers
761 593 864 660 extitit
886 600 1059 677 corrector,
1084 593 1173 658 cuius
1188 612 1287 677 opera
1300 593 1333 658 in
1347 592 1387 660 ils
1402 591 1483 676 prae

264 701 376 766 dextre
403 698 632 782 redintegravit
651 697 745 764 hodie
773 697 925 780 adgnosci
943 698 1064 781 nequit,
1095 715 1177 778 quae
1199 697 1367 763 infeliciter
1388 705 1482 764 attre-

264 806 362 871 ctavit
393 805 546 888 pleraque
568 809 690 868 remota
712 809 799 886 sunt,
832 821 936 886 pauca
958 821 1019 885 ego
1042 801 1179 884 removi,
1207 801 1271 866 alia
1291 801 1482 885 integritatis
1526 827 1539 846 ·

266 909 406 993 speciem
433 907 631 973 etiamnunc
653 907 858 990 mentiuntur,
878 905 1131 986 mentienturque
1154 905 1187 968 in
1210 910 1372 989 posterum
1394 906 1481 974 inde-

264 1013 424 1097 prehensa
451 1011 538 1077 haud
563 1031 675 1096 pauca.
720 1017 755 1076 ut
784 1011 881 1076 enim'
897 1029 938 1076 ex
958 1009 1189 1074 Herculanensi
1215 1009 1334 1093 uligine
1355 1009 1481 1097 Suppli·

264 1136 335 1181 cum
365 1117 546 1201 exemplum
567 1122 716 1199 exurgat,
746 1134 859 1181 vereor
887 1135 929 1180 ne
955 1114 988 1178 in
1014 1113 1204 1197 gravissimo
1226 1133 1351 1196 quoqne
1373 1135 1481 1182 errore

264 1241 335 1286 cum
355 1221 472 1286 nostris
496 1239 722 1286 consensurum
745 1220 794 1285 sit.
840 1224 926 1284 certe
948 1219 1043 1301 plane
1063 1217 1193 1284 easdem
1207 1219 1299 1284 labes
1313 1219 1481 1304 Supplices

264 1331 466 1391 contraxerat
487 1345 558 1390 cum
580 1323 769 1406 florilegium
783 1322 989 1407 Euripideum
1005 1321 1094 1388 cuius
1109 1322 1274 1404 relliquiae
1289 1322 1376 1406 apud
1390 1323 1479 1389 Ioan-

263 1449 336 1494 nem
352 1429 525 1495 Stobaeum
548 1433 719 1512 supersunt
735 1426 895 1493 conditum
910 1432 968 1492 est.
1007 1425 1197 1492 Heraclidas
1216 1427 1371 1492 consimili
1385 1427 1480 1494 modo

264 1540 449 1618 corruptam
473 1552 545 1600 esse
569 1531 727 1617 (pepercit
752 1551 829 1596 vero
853 1531 883 1597 ei
904 1529 1076 1612 corrector)
1105 1549 1206 1614 nuper
1220 1530 1328 1597 docuit
1340 1531 1481 1597 Madvici

264 1637 458 1722 Hauptiique
484 1638 519 1702 in
542 1635 741 1702 emendando
760 1658 791 1700 v.
813 1641 875 1700 894
896 1653 1084 1717 consensum
1112 1655 1175 1700 non
1198 1655 1275 1727 vero
1290 1641 1358 1701 tota
1371 1634 1481 1702 fabula

263 1741 322 1807 sed
342 1763 364 1806 a
384 1733 502 1826 inagna
524 1739 652 1807 demum
674 1741 789 1805 lacuna
812 1746 875 1804 630
904 1738 987 1804 hanc
1009 1737 1134 1804 cladem
1155 1759 1311 1824 perpessa
1334 1747 1392 1807 est.
1437 1741 1478 1806 de

265 1846 469 1930 Supplicibus
492 1863 684 1928 quamquam
704 1864 797 1910 nemo
813 1843 888 1909 dum
911 1843 1030 1909 diserte
1052 1842 1138 1908 idem
1153 1844 1375 1927 pronuntiasse
1390 1843 1477 1910 vide-

261 1956 328 2034 tur,
353 1948 425 2015 ficri
451 1955 558 2015 tamen
579 1969 643 2015 non
664 1954 792 2032 poterat
821 1948 896 2030 quin
918 1947 1119 2014 acutissimus
1139 1948 1274 2030 quisque
1297 1947 1478 2016 emendato·

262 2074 332 2118 mm
361 2073 471 2119 veram
500 2054 604 2137 legem
634 2053 729 2118 tacite
757 2058 952 2135 sequeretur.
997 2052 1082 2118 ultra
1107 2052 1363 2136 probabilitatem
1383 2053 1479 2137 igitur

168 2151 172 2156 ’
261 2159 447 2242 plerumque
486 2177 549 2223 non
586 2156 803 2242 procedimus,
836 2156 891 2222 ubi
929 2155 1048 2240 duplici
1083 2155 1274 2222 emendandi
1310 2157 1413 2224 officio
1447 2165 1479 2224 et

262 2261 456 2328 removenda
478 2268 551 2327 sunt
572 2261 656 2326 falsa
679 2261 901 2346 supplementa
923 2266 955 2325 et
978 2259 1198 2345 recuperanda
1219 2261 1364 2344 genuina.
1407 2282 1477 2328 ver-

261 2385 316 2433 sus
338 2385 464 2448 quoque
484 2365 626 2448 integros
649 2370 807 2430 corrector
826 2365 881 2430 ille
904 2365 1088 2430 lacunarum
1103 2364 1366 2430 obstruendamm
1380 2386 1478 2434 causa

260 2469 362 2555 finxit,
392 2469 450 2536 sed
472 2489 600 2554 paucos.
645 2469 754 2553 plnres
776 2469 890 2534 intrusi
914 2474 987 2534 sunt
1010 2468 1179 2534 etaetatis
1202 2487 1294 2534 serae
1317 2477 1350 2535 et
1370 2490 1477 2538 nume-

260 2595 365 2640 rorum
397 2574 584 2659 plerumque
616 2593 729 2658 pamm
760 2573 904 2638 suavium
930 2573 1037 2656 lusus,
1071 2572 1125 2654 qui
1157 2591 1268 2638 aurem
1285 2573 1478 2659 Euripideae

260 2679 439 2763 elegantiae
473 2677 639 2744 adsuetam
672 2677 766 2742 facile
799 2676 970 2742 offendunt.
1022 2676 1215 2758 antiquiores
1237 2683 1310 2742 sunt
1331 2685 1477 2744 nectam

260 2781 448 2848 manifestae
478 2781 713 2866 dittographiae
739 2781 875 2864 aliquot,
902 2800 982 2862 quas
1011 2800 1161 2863 magnam
1182 2787 1307 2864 partem
1329 2801 1389 2865 ego
1412 2783 1475 2868 pri·

259 2907 330 2954 mus
353 2887 486 2970 removi,
509 2888 602 2971 plura
620 2887 716 2952 etiam
736 2905 887 2969 ausurus,
911 2884 939 2950 si
960 2881 1041 2949 haec
1062 2884 1313 2967 intellegentium
1335 2886 1475 2952 iudicum

259 3010 446 3057 consensum
468 2990 604 3056 tulerint.
649 2996 759 3056 eontra
780 3009 930 3073 magnum
952 3007 1100 3054 versuum
1122 3008 1287 3054 numerum
1309 3009 1404 3072 quem
1423 2993 1476 3058 vel

260 3095 358 3169 sobrii
386 3094 486 3161 critici
515 3093 645 3159 exulare
667 3094 827 3160 iusserunt
848 3093 945 3158 tuitus
969 3111 1051 3176 sum,
1082 3091 1169 3158 velut
1193 3100 1269 3177 163,
1302 3100 1476 3181 rac-83,

262 3205 443 3263 190-192
467 3197 581 3280 quibus
602 3196 718 3262 idonea
736 3196 906 3281 adscripsi;
936 3216 957 3261 a
984 3195 1106 3262 fraudis
1137 3197 1267 3262 crimine
1290 3218 1328 3264 eo
1350 3218 1475 3282 quoque

259 3303 465 3368 absolvuntur
493 3300 579 3384 quod
608 3301 642 3366 in
663 3301 861 3367 Alcibiadem
894 3301 1000 3385 potius
1029 3319 1125 3382 quam
1153 3301 1186 3366 in
1216 3301 1376 3368 Theseum
1399 3324 1474 3386 qua·

259 3406 361 3472 drant.
405 3406 438 3470 in
471 3405 628 3480 versibus¹
650 3411 808 3470 aaa-37
839 3404 977 3470 editores
999 3403 1130 3470 Stobaei
1156 3405 1358 3490 interpolatio
1382 3406 1473 3474 dece·

257 3516 362 3594 pcrat,
392 3510 481 3576 cuius
513 3529 584 3575 cum
616 3509 742 3575 omnino
775 3516 841 3574 tum
871 3509 904 3572 in
924 3508 1126 3592 Supplicibus
1156 3527 1233 3574 usus
1260 3511 1394 3594 exiguus
1417 3520 1473 3578 est.

260 3619 398 3679 cca-8
421 3613 537 3678 iniuria
560 3612 727 3678 damnatos
750 3633 822 3678 esse
845 3612 963 3677 docear
984 3612 1146 3696 pervelim.

344 3717 599 3784 Fundamentum
621 3716 851 3783 emendationis
874 3722 948 3782 ante
970 3715 1029 3782 hos
1056 3722 1181 3782 centum
1203 3738 1303 3784 annos
1326 3718 1389 3788 dno
1412 3721 1474 3788 viri

257 3823 399 3889 iecerunt
421 3820 556 3888 audacia
577 3841 672 3905 pares
695 3822 718 3885 l.
742 3819 1009 3886 Marklandus
1033 3821 1112 3884 etl.
1135 3821 1345 3908 Reiskius,
1375 3826 1474 3891 multa

258 3932 462 3993 attrectantes
485 3926 665 4003 sanissima,
693 3926 786 4010 plura
807 3925 972 4010 praeclare
995 3923 1214 4010 emendantes,
1244 3927 1290 3992 ita
1312 3933 1418 3996 tamen
1440 3936 1475 3996 ut

258 4031 382 4098 subtilis
397 4029 580 4096 Marklandi
602 4050 702 4114 opera
720 4030 825 4115 plura,
846 4029 969 4095 acutius
989 4028 1113 4096 Reislxii
1135 4031 1280 4112 quamvis
1294 4031 1474 4100 festinantis

257 4135 419 4220 ingenium
451 4135 602 4218 graviora
634 4140 771 4200 sanaret.
821 4153 901 4219 opus
928 4132 1108 4199 incohatum
1134 4141 1303 4219 postquam
1325 4157 1346 4200 a
1367 4136 1472 4203 Mus-

257 4240 393 4325 gravio
416 4237 618 4305 laudabiliter
635 4239 849 4304 continuatum
873 4243 922 4303 est
937 4236 1066 4323 (iniuria
1081 4237 1164 4304 enim
1178 4240 1233 4305 ille
1248 4261 1269 4305 a
1286 4240 1474 4323 quibusdam

257 4343 466 4410 contemnitur
493 4361 573 4426 quos
602 4349 635 4409 et
662 4344 843 4430 incorrupto
870 4341 986 4407 iudicio
1009 4348 1041 4407 et
1059 4361 1135 4409 usus
1156 4344 1321 4430 Euripidei
1343 4345 1476 4411 scientia

256 4449 351 4533 longe
374 4445 517 4534 superat)
540 4447 643 4514 extitit
666 4446 906 4514 Godofredus
929 4447 1166 4512 Hermannus
1188 4449 1243 4531 qui
1266 4449 1326 4514 bae
1348 4469 1473 4532 quoquc

258 4553 291 4618 in
306 4552 475 4638 tragoedia
489 4552 690 4619 emendanda
704 4552 824 4637 primas
839 4551 919 4635 tulit,
936 4550 996 4617 etsi
1010 4551 1122 4634 negari
1137 4572 1199 4617 non
1215 4553 1311 4620 debet
1325 4555 1425 4620 multa
1442 4561 1474 4620 et
