3666 5296
852 397 903 452 m.
921 399 946 454 a
1452 387 1505 456 aot

293 575 336 636 ex
370 572 596 640 consuetudine
635 574 750 639 aetatis
784 573 970 659 posterioris
1003 573 1131 638 nuntius
1164 579 1311 656 vocatur,
1347 571 1507 657 Aeschylo
1534 581 1535 586 ’

293 673 461 762 κατόπτης
484 683 533 742 est
553 685 603 742 30.
628 683 679 742 41.
705 685 785 743 371:
807 677 898 743 vides
921 697 1017 760 quam
1040 676 1170 743 sedulus
1193 677 1226 742 in
1249 698 1287 742 eo
1302 677 1510 762 significando

291 779 470 866 Aeschylus
495 781 597 846 firerit.
649 801 781 848 servus
807 781 970 848 excubitor
998 782 1165 866 prologum
1192 781 1439 865 Agamemnonis
1467 781 1507 846 ab

291 884 391 968 ipsius
419 883 633 970 descriptione
660 885 790 951 orditur.
839 887 957 951 ianitor
980 885 1190 971 Ohoephoron
1219 893 1281 950 637
1304 891 1436 952 vocatus
1460 891 1508 950 est

292 1008 379 1054 more
401 988 646 1056 Atheniensibus
672 989 833 1075 familiari,
863 990 992 1076 tragicis
1015 990 1076 1055 hac
1097 990 1169 1074 ipsa
1189 988 1230 1055 de
1254 1009 1351 1054 causa
1370 989 1506 1072 insolito,

292 1096 357 1156 παῖ
382 1097 455 1158 παῖ.
502 1094 629 1160 omnino
656 1095 737 1161 haec
757 1116 896 1180 persona
918 1095 1094 1210 occasione,
1106 1094 1293 1179 saepissime
1316 1095 1423 1160 oblata
1444 1115 1507 1160 non

292 1198 432 1263 recurrit.
476 1219 614 1289 praeco
643 1199 756 1284 Agam.
780 1207 843 1265 473
873 1221 894 1264 a
922 1199 1178 1283 Clytaemnestra
1204 1199 1332 1282 copiose
1356 1197 1506 1264 describi-

290 1308 349 1366 tur.
395 1302 436 1368 de
468 1323 627 1388 praecone
648 1304 808 1389 Aegyptio
842 1302 927 1369 idem
950 1304 1037 1368 valet
1068 1309 1163 1386 atque
1192 1301 1233 1367 de
1261 1301 1370 1368 nuntio
1397 1303 1506 1386 Persa,

292 1414 488 1491 spectatores
511 1427 584 1472 curn
605 1406 800 1494 Aegyptium
824 1428 895 1474 esse
918 1408 1021 1473 sciunt
1042 1407 1096 1472 ubi
1117 1407 1150 1472 in
1166 1427 1315 1472 scaenam
1330 1406 1418 1472 venit
1433 1413 1506 1490 806,

291 1511 377 1594 quod
409 1533 602 1597 praeconem
635 1533 670 1578 se
700 1512 777 1577 dicit
804 1520 865 1578 931
896 1533 936 1578 ne
959 1511 1002 1576 ad
1032 1518 1154 1577 vestem
1177 1509 1305 1596 quidem
1334 1510 1507 1593 quidquam

290 1616 374 1682 facit.
419 1624 453 1682 at
474 1637 563 1684 more
586 1618 733 1700 sequiora
761 1623 852 1684 veste
874 1623 996 1682 tantum
1019 1616 1214 1700 significatur
1234 1636 1352 1700 praeco
1376 1613 1506 1701 Septem

293 1727 386 1785 1005.
431 1721 517 1804 quod
542 1741 595 1788 me
620 1720 725 1787 iudice
753 1722 832 1787 nihil
861 1722 975 1807 probat
1001 1721 1063 1787 nisi
1094 1721 1246 1805 speciosis
1274 1721 1386 1805 opinor
1414 1741 1506 1804 argu·

290 1826 405 1890 mentis
432 1825 546 1908 quibus
573 1826 746 1893 Thebanae
772 1826 901 1892 fabulae
929 1825 1049 1891 exodus
1077 1845 1268 1908 quamquam
1295 1823 1506 1890 dissentienti-

290 1929 350 1995 bus
382 1930 582 2014 gravissimis
615 1931 692 1996 viris
719 1931 760 1996 ab
787 1930 947 2016 Aeschylo
975 1929 1172 1996 abiudicatur
1199 1949 1317 1994 novum
1344 1929 1421 1994 addi
1448 1949 1507 1994 neo

290 2034 361 2099 leve
388 2034 467 2099 illud
496 2041 724 2119 argumentum.
777 2034 957 2101 sacerdos
986 2035 1103 2120 Pythia
1129 2034 1183 2100 vel
1211 2035 1316 2119 potius
1344 2035 1508 2118 προφῆτις

290 2136 342 2224 (cf.
365 2139 418 2203 lib.
434 2139 458 2202 l.
487 2159 555 2223 cap.
573 2139 609 2226 4)
639 2145 729 2205 veste
761 2139 849 2204 haud
883 2138 978 2204 dubie
1012 2138 1223 2205 sacerdotium
1255 2158 1334 2223 prae
1368 2158 1403 2204 se
1436 2138 1508 2220 fert,

290 2243 440 2328 Pythiam
470 2263 542 2308 eam
572 2263 644 2310 esse
665 2243 862 2327 Agatharchi
890 2243 1004 2309 nobilis
1028 2243 1261 2329 scenographia
1282 2241 1401 2308 docuit:
1432 2263 1507 2306 nam

290 2345 464 2414 credidisse
485 2346 681 2433 Aeschylum
714 2353 912 2434 spectatores
940 2367 980 2412 ex
1011 2347 1057 2412 eis
1085 2366 1168 2429 quae
1198 2346 1344 2412 viderent
1373 2346 1506 2412 deloco

290 2451 418 2516 fabulae
445 2450 572 2517 edoceri
601 2471 665 2518 vss.
692 2460 710 2516 3
740 2458 772 2518 et
796 2461 834 2516 11
866 2451 1092 2518 demonstrant.
1137 2451 1267 2516 nutrix
1296 2451 1507 2536 Ohoephoron

293 2562 354 2619 733
391 2576 454 2620 non
488 2556 590 2622 solum
621 2552 816 2640 significatur
845 2577 865 2621 a
895 2556 991 2622 choro
1021 2555 1079 2622 sed
1100 2576 1216 2622 nomen
1238 2555 1320 2621 adeo
1343 2556 1506 2641 proprium
1624 2595 1626 2603 ι

292 2680 331 2726 ex
352 2659 502 2726 familiari
523 2659 763 2728 Atheniensium
785 2681 845 2728 usu
867 2661 991 2746 accipit.
1037 2680 1132 2743 quam
1155 2661 1292 2726 alienum
1307 2660 1368 2726 boc
1383 2681 1403 2726 a
1419 2681 1507 2726 more

292 2765 439 2847 aequiore
466 2765 564 2831 fuerit
590 2765 669 2830 nihil
690 2767 803 2832 melius
827 2765 966 2832 ostendit
994 2785 1090 2848 quern
1113 2764 1199 2847 quod
1224 2765 1424 2852 grammatici
1446 2766 1506 2831 sol-

238 2937 240 2942 ,
290 2869 385 2934 lemni
413 2869 543 2936 nutricis
572 2890 711 2955 persona
740 2869 865 2937 adsueti
888 2870 1023 2936 (liliosae
1049 2890 1141 2936 suum
1162 2890 1278 2936 nomen
1301 2869 1506 2954 denegarunt.

290 2993 481 3056 quamquam
511 2973 615 3040 eidem
643 2975 815 3060 Pelasgum
840 2971 979 3056 βασιλέα
1002 2981 1125 3040 tantum
1153 2981 1269 3040 vocant
1290 2994 1353 3039 non
1375 2975 1506 3040 meliore

293 3077 334 3143 de
357 3097 467 3162 causa,
499 3085 535 3144 ut
565 3099 604 3144 ex
627 3081 904 3164 grammaticorum
926 3100 986 3146 usu
1008 3079 1147 3146 Hillerus
1169 3080 1278 3164 paullo
1300 3077 1508 3145 confidentius

289 3181 392 3248 videri
413 3183 516 3268 possit
546 3184 766 3250 auctoritatem
789 3185 835 3250 eis
858 3185 1068 3269 quaesivisse,
1100 3205 1182 3267 quae
1204 3184 1237 3249 in
1259 3205 1294 3250 re
1315 3185 1388 3270 ipsa
1409 3183 1506 3250 Hille·

288 3287 377 3371 rique
399 3287 516 3353 iudicio
539 3289 638 3353 multo
660 3288 831 3356 firmiorem
853 3289 972 3354 habent
993 3290 1222 3356 auctoritatem.

376 3391 585 3478 Sophocles
608 3393 649 3458 ab
671 3393 852 3478 Aeschylea
873 3394 1071 3477 praestantia
1091 3415 1155 3459 non
1178 3394 1316 3460 deflectit
1337 3395 1398 3461 nisi
1420 3392 1507 3478 quod

289 3496 391 3562 sciens
424 3503 545 3562 rectum
581 3498 665 3562 facit.
716 3518 788 3562 cum
820 3497 999 3563 enimcum
1025 3498 1242 3564 molestiarum
1264 3499 1507 3584 Euripidearnm

288 3599 433 3666 taederet
456 3620 579 3666 summo
602 3601 735 3668 artificio
759 3602 865 3686 cavit,
879 3621 919 3668 ne
943 3600 1116 3684 quidquam
1138 3602 1203 3666 ulla
1219 3601 1259 3667 de
1275 3623 1373 3669 causa
1389 3603 1504 3668 extrin-
1546 3603 1550 3610 '

288 3723 380 3770 secus
401 3704 510 3770 adlata
532 3705 694 3771 videretur
716 3712 772 3770 aut
793 3705 862 3771 fieri
884 3712 940 3770 aut
961 3705 1032 3770 dici.
1078 3705 1185 3788 itaque
1208 3725 1268 3770 nec
1290 3727 1372 3789 quae
1393 3707 1508 3780 iterum

287 3808 320 3872 in
343 3828 491 3874 scaenam
513 3809 601 3874 venit
623 3829 762 3894 persona
782 3810 978 3894 nominatur,
1001 3829 1061 3874 nec
1084 3810 1252 3892 quisquam
1275 3830 1311 3876 se
1324 3812 1395 3895 ipse
1408 3810 1506 3875 nomi-

289 3919 345 3977 nat
354 3963 362 3996 ‚
385 3913 446 3978 nisi
467 3913 550 3978 forte
573 3919 639 3978 tam
660 3913 785 3998 insigne
799 3912 875 3979 inde
893 3913 1063 3980 succrescit
1078 3933 1211 3980 acumen
1226 3914 1320 3996 quale
1335 3915 1368 3979 in
1383 3913 1508 4000 Oedipo

288 4022 450 4101 spectatur
477 4017 545 4082 sive
576 4014 632 4082 cdv
660 4022 746 4081 πᾶσι
774 4015 994 4102 atecvdvmsive
1017 4016 1076 4082 τὸν
1103 4012 1266 4105 πλανήτην
1292 4013 1451 4084 Οἰδίπουν
1474 4039 1509 4085 se

287 4126 390 4186 vocat.
436 4120 623 4204 plerumque
656 4142 878 4207 personarum¹
898 4123 1027 4188 nomina
1054 4129 1164 4188 mutua
1192 4122 1407 4208 adpellatione
1434 4122 1508 4188 effe·

287 4231 415 4308 cuntur,
438 4223 535 4307 idque
550 4226 583 4290 in
598 4227 739 4311 prologis
752 4227 953 4312 potissimum
967 4225 1086 4312 (Antig.
1101 4228 1151 4292 Ai.
1166 4228 1213 4292 El.
1230 4228 1339 4316 Phil.);
1361 4228 1509 4294 nimirum

288 4328 333 4393 ibi
366 4328 566 4413 potissimum
598 4330 787 4416 displicebat
815 4329 978 4416 Euripidis
1005 4331 1118 4416 putida
1140 4332 1343 4399 consuetudo.
1389 4333 1508 4415 aliquo-

158 4518 160 4522 ,
286 4425 369 4498 tiens
399 4453 496 4518 porro
526 4434 567 4498 ab
590 4434 771 4521 Aeschylea
792 4434 928 4501 audacia
949 4433 1031 4502 adeo
1053 4455 1117 4501 uon
1140 4437 1271 4522 refugit,
1301 4445 1336 4503 ut
1357 4456 1508 4523 persona

286 4557 357 4602 rum
378 4538 507 4604 nomina
528 4541 707 4625 perbreve
728 4547 854 4627 tempus
876 4545 1091 4627 spectatorum
1114 4542 1267 4628 acumini,
1298 4543 1367 4610 sive
1388 4561 1506 4608 memo·
