3626 5288
930 682 959 738 2.

310 819 318 834 ·
426 813 463 876 In
496 830 627 876 numero
661 809 898 894 tragoediarum
925 811 1168 895 Euripidearum
1200 811 1442 893 nominibusque
1476 811 1553 878 defi-

340 915 464 981 niendis
490 913 721 980 Valckenarius
748 914 937 994 Welckerus
964 915 1159 997 Hartungius
1183 913 1367 980 Dindorfius
1389 915 1553 980 Nauckius

341 1017 535 1084 laudabilem
555 1037 632 1084 sane
655 1037 786 1101 operam
807 1024 989 1101 posuerunt.
1027 1025 1060 1084 at
1079 1025 1133 1082 aut
1151 1024 1309 1101 negarunt
1335 1039 1446 1084 verum
1467 1019 1553 1084 inve-

340 1122 401 1188 niri
423 1141 536 1206 posse,
566 1127 621 1184 aut
643 1141 702 1205 per
721 1121 877 1186 violentas
900 1128 932 1186 et
953 1123 1024 1188 veri
1047 1121 1218 1188 dissimiles
1241 1122 1440 1187 coniecturas
1463 1141 1554 1186 snam

341 1223 474 1308 quisque
497 1224 678 1308 opinionem
702 1229 926 1290 sustentarunt.
970 1225 1090 1290 veritas
1108 1231 1215 1290 autem
1230 1225 1262 1290 iu
1278 1239 1434 1291 consensu
1450 1225 1555 1309 posita

318 1331 399 1394 'est
451 1328 559 1410 itaque
586 1328 709 1392 ratione
738 1327 867 1410 quidem
891 1347 1013 1412 eorum,
1048 1348 1130 1409 quae
1153 1328 1278 1394 abillis
1300 1329 1377 1394 viris
1401 1327 1441 1393 de
1465 1327 1554 1393 Euri-

341 1431 417 1516 pide
446 1431 657 1498 meritissimis
686 1437 771 1496 recte
794 1431 965 1496 observata
994 1439 1078 1516 sunt,
1110 1431 1220 1497 habita
1247 1432 1288 1496 ab
1311 1433 1436 1514 integro
1460 1451 1554 1512 quae-

341 1537 402 1601 stio
425 1534 600 1619 repetenda
621 1540 706 1599 erat:
734 1554 907 1601 cousensus
929 1541 1035 1601 autem
1057 1555 1120 1602 uon
1143 1555 1214 1600 cum
1237 1535 1425 1601 coniecturis
1448 1555 1554 1601 recen-

340 1640 419 1704 tium
442 1637 501 1704 sed
528 1658 599 1702 cum
621 1637 817 1704 documentis
839 1639 918 1722 ipsis
942 1645 974 1704 et
995 1639 1183 1704 testimoniis
1206 1645 1350 1704 veterum
1371 1639 1555 1721 grammati-

342 1763 450 1806 corum
472 1741 682 1824 quaerendus.
1361 1731 1366 1744 ’

429 1861 534 1944 Atque
552 1861 733 1928 testimonia
758 1861 799 1928 de
826 1882 957 1928 numero
980 1863 1219 1945 tragoediarum
1240 1863 1394 1929 habemus
1417 1863 1555 1944 quinque

390 1991 418 2046 1.
451 1982 527 2047 Vita
549 1981 618 2046 eod.
640 1981 707 2048 Pal.
733 1989 783 2048 90.
817 1983 927 2070 (Dind.
949 1982 1054 2048 Schol.
1078 1985 1093 2047 I
1115 2005 1145 2068 p.
1172 1983 1236 2070 11.)

452 2083 493 2149 τὰ
514 2083 622 2149 πάντα
644 2085 671 2148 d'
695 2077 732 2171 ἦν
751 2080 838 2170 αὐτῷ
857 2081 1005 2172 δράματα
1028 2087 1079 2173 (ιη’
1103 2086 1179 2173 (imo
1197 2080 1252 2172 qd
1274 2087 1329 2152 vix
1343 2093 1465 2152 mutata
1480 2087 1556 2152 seri·

453 2195 534 2254 tura.
578 2188 763 2254 intellexere
793 2188 878 2276 alii.)'
909 2187 1043 2269 σώζεται
1065 2190 1093 2254 δ’
1118 2181 1218 2254 αὐτοῦ
1240 2184 1389 2275 δράματα
1415 2185 1474 2270 ξζ,
1503 2188 1556 2253 καί

453 2289 480 2375 γ’
502 2289 586 2376 πρὸς
606 2285 736 2368 τούτοις
756 2289 797 2356 τὰ
811 2282 1054 2376 οἷνιιλεγόμενα·
1078 2291 1235 2378 σατυρικὰ
1249 2291 1285 2358 δὲ
1299 2291 1335 2380 η’,
1356 2284 1554 2377 ἀντιλέγεται

453 2393 490 2460 δὲ
512 2393 568 2460 καὶ
586 2388 707 2460 τούτων
728 2393 766 2460 τὸ
788 2392 827 2460 α’.
873 2391 966 2473 νίκας
988 2393 1024 2460 dd
1044 2391 1117 2476 ἔσχε
1139 2393 1172 2462 ε’.

390 2507 418 2566 2.
452 2498 526 2564 Vita
554 2500 664 2564 maior.
696 2498 818 2584 (Dindf.
849 2499 954 2565 Schol.
986 2500 1002 2563 Ι
1032 2520 1063 2584 p.
1087 2499 1121 2586 4)
1151 2497 1192 2564 τὰ
1222 2493 1329 2563 πάνια
1357 2499 1385 2564 δ’
1413 2491 1449 2586 ἦν
1473 2489 1558 2584 αὐτῷ

453 2596 601 2688 δράματα
624 2595 681 2686 qd
705 2597 840 2682 σώζεται
871 2601 907 2667 δὲ
929 2599 985 2689 oq‘.
1015 2600 1133 2667 τούτων
1154 2600 1324 2667 νοθεύεται
1344 2599 1418 2688 τριά
1444 2602 1559 2690 Τέννης

342 2733 344 2738 ’
448 2703 674 2788 Ῥαδάμανθυς
695 2702 887 2791 Πειρίθους.

390 2821 419 2878 3.
453 2795 747 2893 Vialmosehcpuli
771 2816 803 2875 et
825 2809 954 2876 Suidae.
985 2809 1093 2897 (Dind.
1118 2811 1142 2874 Ι.
1166 2810 1231 2897 14.)

452 2911 600 2997 δράματα
628 2911 664 2977 δὲ
693 2907 790 2977 αὐτοῦ
820 2911 901 2977 κατὰ
925 2912 984 2995 μέν
1011 2937 1103 2990 τινας
1125 2912 1168 2978 oa'
1189 2911 1280 2998 acad,
1294 2911 1330 2979 δὲ
1357 2909 1472 2991 ἄλλοις
1495 2908 1560 2999 qd.

455 3011 606 3096 σώζονται
630 3013 666 3091 δὲ
686 3010 739 3096 οζ.
773 3012 863 3093 νίκας
886 3014 922 3081 δὲ
943 3017 1047 3081 εἵλετο
1070 3015 1169 3081 πέντε
1193 3043 1220 3081 κ.
1237 3041 1264 3081 τ.
1280 3011 1304 3083 ἓ.

390 3128 420 3186 4.
454 3121 529 3186 Vita
551 3119 702 3185 Thomae.
740 3119 849 3205 (Dind.
873 3121 897 3184 I.
922 3120 987 3207 12.)

454 3219 578 3309 ἔγραψε
605 3221 663 3306 μὲν
690 3215 745 3288 οὖν
773 3221 920 3309 δράματα
944 3220 999 3310 qil
1029 3222 1070 3288 τὰ
1094 3219 1217 3305 πάντα,
1246 3220 1279 3288 ἐν
1303 3215 1353 3302 οἷς
1373 3217 1411 3312 ἦν
1430 3223 1458 3312 η’
1476 3219 1561 3308 μόνα

455 3324 617 3412 σατορικᾶ,
664 3321 807 3414 νενίκηκε
827 3326 854 3392 δ’
878 3323 912 3392 ἐν
932 3332 1019 3392 πᾶσι
1034 3326 1164 3403 τούτοις
1178 3331 1249 3404 τοῖς
1263 3326 1405 3412 δράμασι
1421 3325 1511 3404 νίκας
1526 3323 1560 3392 ε’.

391 3439 419 3498 5.
453 3432 556 3497 Varro
589 3430 676 3515 apud
698 3431 836 3496 Gellium
862 3431 955 3497 XVII
984 3438 1012 3497 4.
1041 3437 1059 3494 3
1083 3431 1268 3515 Euripidem
1295 3432 1340 3496 ait
1367 3433 1504 3514 quinque
1527 3438 1560 3498 et

454 3535 658 3619 septuaginta
677 3535 852 3618 tragoediis
876 3535 1002 3619 seriptis
1025 3536 1214 3617 quinquiens
1236 3536 1361 3601 vicisse.

223 3655 232 3670 ⁸
316 3640 454 3706 'Risum
486 3639 645 3704 continere
674 3639 728 3704 vix
757 3658 903 3722 possum,
935 3638 988 3703 ubi
1020 3631 1069 3703 his
1102 3639 1291 3704 testimoniis
1321 3639 1450 3704 diversa
1474 3639 1558 3703 tradi

345 3743 455 3809 audio:
483 3762 557 3807 uam
575 3762 610 3806 re
632 3762 711 3806 vera
732 3761 828 3806 unum
851 3748 972 3806 tantum
995 3743 1207 3807 testimonium
1231 3749 1292 3826 est,
1316 3741 1495 3823 quodcum
1518 3743 1558 3807 ab

344 3845 570 3912 Alexandrinis
592 3844 807 3927 grammaticis
829 3845 1005 3928 profectum
1027 3845 1059 3909 in
1075 3845 1142 3909 vita
1157 3844 1319 3928 Euripidis
1333 3843 1450 3909 fabulis
1466 3865 1556 3927 prae·

345 3951 444 4014 missa
476 3950 652 4032 legeretur,
692 3946 767 4012 inde
799 3967 820 4011 a
846 3947 988 4012 Varrone
1022 3953 1054 4011 et
1080 3947 1258 4010 mutilatum
1287 3953 1319 4012 et
1347 3967 1446 4030 prave
1469 3947 1558 4012 intel-

344 4055 460 4118 lectum
482 4058 544 4135 est,
568 4056 601 4115 at
622 4051 742 4115 exactis
764 4050 897 4133 singulis
920 4050 1118 4116 documentis
1141 4050 1265 4115 restitui
1284 4057 1397 4134 potest.
1438 4051 1559 4115 scilicet

345 4154 476 4222 tradidit
511 4155 596 4220 vitae
627 4153 777 4238 scriptor,
809 4153 975 4237 scripsisse
1006 4153 1192 4236 Euripidem
1225 4152 1350 4218 fabulas
1385 4154 1558 4236 nonaginta

345 4260 442 4343 duas,
466 4264 611 4323 servatas
634 4275 705 4322 esse
720 4254 904 4339 tragoedias
919 4257 1073 4338 genuinas
1090 4257 1257 4338 sexaginta
1273 4262 1409 4340 septem,
1431 4255 1557 4340 spurias

344 4370 422 4445 tres,
446 4361 602 4446 satyricae
624 4361 778 4443 genuinas
799 4367 936 4445 septem,
959 4360 1100 4444 spuriam
1122 4379 1225 4425 unam.
1272 4365 1366 4441 atque
1387 4359 1433 4423 ita
1457 4360 1516 4424 sub
1538 4369 1554 4422 1

342 4467 493 4552 legimus,
517 4464 571 4546 qui
586 4463 714 4528 nomina
728 4468 850 4528 tantum
865 4464 1044 4548 spuriarum
1058 4461 1236 4528 fabularum
1251 4463 1369 4528 omisit:
1394 4469 1412 4525 2
1429 4463 1557 4528 nomina
