3594 5292
384 411 403 466 2
961 416 983 472 I.
1004 419 1027 471 1.

383 587 546 655 salsiorem
560 589 664 656 animo
680 590 740 656 sibi
756 590 951 658 conformare
966 592 1075 659 debuit
1090 593 1303 660 Kirohhoffius
1318 595 1498 678 imaginem.
1528 617 1599 662 cum

385 694 468 760 enim
499 694 580 760 liber
612 694 682 779 ipse
714 694 787 761 fere·
811 697 913 762 solum
939 717 998 781 per
1020 685 1149 763 Furiam
1177 699 1279 763 virum
1309 700 1462 783 optimum
1494 707 1527 765 at
1547 703 1599 767 vel

383 798 517 864 faciliori
536 818 653 883 operae
677 819 790 884 parum
811 799 960 866 idoneum
975 808 1068 867 notus
1092 809 1193 886 esset,
1216 802 1430 870 Kirohhoffius
1452 824 1492 869 ex
1508 805 1595 886 quin-

384 922 445 985 que
468 904 723 987 apographorum
745 904 880 970 lectione
904 904 947 970 ad
969 906 1046 972 artis
1069 927 1213 972 normam
1234 913 1347 973 exacta
1368 908 1429 973 hoo
1445 908 1597 974 damnum

384 1007 538 1074 resarcire
567 1007 695 1074 studuit.
750 1028 832 1090 quae
863 1029 934 1074 oum
956 1010 1036 1075 miro
1059 1030 1213 1077 consensu
1235 1032 1299 1076 non
1320 1013 1492 1095 genuinum
1515 1013 1599 1079 codi-

384 1131 453 1176 cem
477 1111 537 1178 sed
562 1111 755 1180 foedissimis
779 1113 1074 1198 interpolationibus
1103 1115 1312 1200 depravatum
1326 1116 1502 1202 referrent,
1529 1117 1599 1183 fieri

383 1235 446 1280 non
478 1221 619 1301 poterat,
654 1217 730 1298 quin
763 1238 826 1283 non
858 1218 960 1283 solum
985 1239 1063 1284 vera
1089 1220 1182 1285 lectio
1213 1241 1277 1286 non
1298 1221 1505 1306 inveniretur,
1540 1221 1599 1288 sed

384 1321 480 1385 etiam
503 1340 555 1404 ea,
579 1339 661 1408 qpae
682 1322 797 1387 Petrus
814 1321 986 1407 Victorius,
1010 1323 1059 1388 vir
1080 1324 1283 1390 venerandae
1298 1325 1488 1410 memoriae,
1510 1332 1596 1391 recto

383 1423 500 1490 iudicio
529 1445 606 1490 usus
641 1425 767 1492 deterso
802 1427 1080 1511 interpolationum
1114 1427 1185 1495 fuco
1221 1435 1420 1514 enotaverat,
1458 1429 1598 1495 debitam

383 1529 604 1594 auctoritatem
630 1550 693 1595 non
717 1530 880 1596 haberent.
925 1537 1093 1616 praeterea
1120 1552 1284 1598 commune
1313 1534 1440 1616 generis
1467 1533 1597 1600 humani

382 1633 492 1698 vitium
519 1653 560 1698 ne
590 1633 766 1700 cautissimi
792 1633 921 1716 quidem
946 1653 1078 1720 prorsus
1108 1637 1210 1701 vitare
1242 1641 1389 1721 possunt,
1417 1643 1451 1701 ut
1473 1639 1598 1704 notiora

382 1737 473 1803 nobis
501 1743 533 1803 et
558 1736 766 1804 familiariora
790 1739 926 1804 certiora
954 1758 1079 1823 quoquc
1103 1746 1135 1806 et
1163 1741 1296 1806 meliora
1327 1761 1461 1806 reamur.
1505 1763 1597 1826 prae-

381 1841 483 1907 iverat
512 1842 545 1906 in
574 1841 784 1926 praeferendo
812 1843 957 1908 Palatino
987 1843 1073 1909 idem
1102 1831 1286 1930 Elmsleius,
1324 1846 1384 1911 etsi
1418 1845 1512 1911 fateri
1543 1846 1597 1912 de-

381 1945 492 2030 bebat,
532 1947 566 2010 in
603 1946 815 2012 Laurentiano
850 1947 938 2030 lortpe
975 1948 1088 2030 plures
1115 1936 1223 2014 ‘bonas
1259 1949 1404 2014 lectiones
1441 1952 1578 2031 reperiri
1585 1972 1597 2030 ;

382 2049 568 2115 Kirohhoffii
596 2051 703 2136 enisis,
731 2071 772 2116 ex
803 2071 866 2134 qua
894 2053 992 2118 ceteri
1020 2053 1179 2139 pendent,
1207 2053 1322 2118 iu'hac
1343 2054 1482 2124 Palatini
1503 2047 1595 2121 aesti-

381 2155 519 2220 matione
545 2155 650 2238 posita
673 2162 737 2239 est,
767 2173 976 2240 quamquam,
1006 2159 1052 2222 uti
1065 2175 1066 2180 ¹
1081 2178 1141 2242 par
1162 2164 1223 2242 est,
1255 2158 1349 2242 longe
1373 2157 1452 2222 afuit
1474 2179 1495 2223 a
1517 2177 1595 2242 quo·

381 2257 516 2323 mndam
538 2260 732 2344 temeritate,
759 2261 858 2325 voluti
881 2261 984 2326 extitit
1014 2262 1068 2343 qui
1095 2261 1281 2346 Iphigeniae
1303 2261 1460 2327 Tauricae
1487 2283 1594 2328 recen-

382 2363 503 2428 sionem
526 2383 566 2428 ex
589 2364 735 2428 Palatino
758 2363 825 2429 fere
847 2363 1055 2449 repetendam
1077 2383 1149 2431 esse
1166 2364 1298 2430 diceret:
1323 2373 1442 2448 quanta
1464 2367 1594 2431 levitate

379 2468 412 2532 in
435 2487 475 2533 ea
496 2467 694 2552 potissimum
716 2468 825 2534 fabula
846 2469 994 2536 librarius
1017 2469 1102 2536 illius
1120 2469 1238 2535 codicis
1261 2489 1328 2534 rem
1351 2489 1441 2536 suam
1463 2469 1592 2552 egisset,

382 2571 506 2637 discere
528 2561 662 2656 ¹poterat
690 2593 731 2638 ex
753 2573 941 2639 Kirohhoffii
961 2572 1175 2640 adnotatione.
1221 2595 1281 2658 ego
1305 2575 1359 2656 qui
1381 2574 1593 2640 Laurentiano

379 2683 531 2761 patronus
554 2677 728 2760 extiterim,
760 2678 835 2759 quin
859 2678 1018 2744 interdum
1040 2680 1073 2744 in
1096 2679 1288 2744 contrarium
1310 2680 1511 2763 peccaverim
1533 2697 1596 2743 non

380 2781 503 2864 dubito,
531 2799 591 2845 neo
612 2781 706 2846 nimis
724 2780 783 2846 hoc
806 2780 913 2846 doleo:
944 2789 1059 2847 nocent
1078 2783 1163 2847 enim
1185 2783 1263 2846 talia
1282 2787 1357 2846 tune
1378 2789 1501 2847 tantum
1524 2801 1595 2847 eum

380 2885 566 2950 auctoritate
588 2885 747 2968 praeclari
769 2884 905 2950 hominis
925 2885 1006 2950 fulta
1029 2893 1108 2951 sunt.

466 2991 543 3056 Post
564 2987 795 3054 Kirohhoffium
824 2988 1003 3055 emendatio
1033 2988 1146 3054 harum
1175 2989 1355 3052 fabularum
1381 2985 1469 3052 haud
1490 3007 1595 3071 pauca

379 3094 528 3179 profecit,
561 3093 778 3159 recensionem
809 3092 983 3174 quidquam
1014 3091 1189 3178 profecisse
1218 3109 1310 3174 nego.
1324 3088 1350 3176 ²)
1405 3090 1476 3175 ipse
1509 3097 1621 3181 post-¹

380 3219 474 3281 quam
502 3196 773 3263 Kirohhoffianam
800 3198 1017 3263 recensionem
1043 3196 1167 3262 firmum
1198 3202 1292 3278 atque
1320 3194 1456 3261 solidum
1478 3194 1591 3260 fundu·
1641 3245 1642 3249 ,

379 3310 520 3369 mentum
542 3321 615 3368 esse
638 3300 749 3386 didici,
778 3319 860 3383 quae
881 3300 995 3367 deesse
1018 3299 1233 3366 Kirohhoffius
1252 3300 1450 3366 indicaverat
1473 3299 1593 3366 addere

379 3408 534 3475 constitui.
578 3406 685 3488 itaque
707 3405 829 3471 iteratis
850 3405 933 3471 curis
956 3406 1150 3490 permultos
1172 3423 1299 3472 menses
1321 3411 1489 3487 utrumque
1505 3403 1593 3470 codi-

380 3533 448 3578 cem
482 3512 618 3578 versavi.
663 3511 763 3575 multa
794 3529 846 3575 mc
876 3510 1011 3574 rectiora
1041 3515 1074 3575 et
1103 3509 1306 3576 adcuratiora
1335 3508 1483 3575 daturum
1511 3527 1593 3594 esse,

380 3637 475 3699 quam
498 3617 552 3698 qui
568 3621 703 3700 praeter
724 3635 775 3679 me
798 3613 925 3680 codices
946 3614 1019 3680 illos
1035 3615 1224 3700 evolverint,
1246 3614 1432 3699 promittere
1446 3633 1592 3698 possum;

379 3728 486 3787 tamen
501 3720 619 3786 diutius
635 3718 771 3784 adhunc
782 3719 924 3784 laborem
935 3719 1071 3804 incubui,
1088 3737 1183 3802 quam
1195 3719 1249 3802 qui
1261 3718 1468 3785 confidentior
1479 3737 1592 3784 essem.

380 3826 456 3909 quid
479 3823 564 3907 quod
587 3823 756 3907 singularis
780 3841 857 3888 sane
877 3822 1056 3889 dementiae
1075 3829 1108 3889 ct
1130 3823 1206 3890 dedi
1228 3841 1348 3908 poenas
1367 3829 1399 3889 et
1414 3822 1514 3907 dabo,
1539 3823 1593 3904 qui

378 3932 412 3996 in
434 3927 624 3996 conferendo
647 3947 723 3994 usus
746 3928 805 3993 sim
825 3927 935 4010 quinta
957 3928 1173 3996 scaenicorum
1196 3928 1350 4013 editione,
1375 3947 1470 4011 quam
1489 3927 1592 3992 inore-

379 4059 634 4070 m.

467 4128 495 4196 2)
519 4127 552 4180 In
569 4126 668 4196 prioris
687 4124 788 4179 ordinis
806 4125 907 4180 fabulis
926 4142 1011 4194 pauca
1029 4126 1160 4196 quaedam
1178 4126 1279 4180 rectius
1296 4125 1425 4180 instituta
1443 4126 1515 4181 suut.
1550 4125 1593 4177 est

380 4216 427 4271 ubi
446 4213 629 4270 Kirohhoffius
656 4213 715 4281 ipse
733 4213 767 4266 ab
790 4212 890 4266 iniuria
907 4214 1030 4282 praelato
1048 4213 1186 4267 Marciano
1204 4213 1347 4266 recesserit
1364 4212 1503 4282 (egregius
1520 4210 1592 4266 enim

380 4303 462 4360 codex
484 4300 620 4356 interdum
641 4300 739 4369 puerili
762 4315 845 4354 manu
866 4300 1047 4369 interpolatus
1072 4300 1134 4368 est).
1171 4300 1200 4352 in
1221 4299 1358 4355 Alcestide
1382 4301 1411 4353 et
1428 4295 1591 4366 aliquotiens

380 4391 408 4444 in
435 4388 584 4443 Troadibus
611 4386 747 4441 codicibus
774 4387 823 4442 Po
848 4403 910 4442 vere
937 4387 1018 4441 fidem
1046 4403 1063 4441 a
1091 4385 1259 4440 Kirohhoffio
1287 4386 1444 4456 derogatam
1470 4382 1592 4437 restituit

379 4477 525 4532 Nauckius.
557 4479 651 4529 contra
670 4489 739 4544 quae
757 4474 791 4528 de
805 4474 955 4544 Havniensi
972 4472 1116 4539 illedixit,
1135 4474 1249 4541 probare
1261 4489 1316 4527 nou
1328 4487 1453 4542 possum,
1476 4468 1592 4524 arbitror

381 4564 452 4619 enim
470 4563 568 4618 librum
586 4562 663 4616 illum
683 4562 755 4616 omni
773 4562 934 4616 auctoritate
952 4577 1049 4616 carere.
1089 4557 1091 4562 ’
