3594 5292
803 425 872 480 1.1.
1427 433 1443 487 5
1491 393 1493 400 ’

230 599 332 683 perite
361 605 486 684 partem
514 601 656 666 evulsam
683 600 861 686 archetypi,
890 603 1001 669 tertius
1029 609 1062 676 et
1092 604 1202 670 ordine
1229 611 1262 670 ct
1281 604 1345 671 fide
1364 605 1442 672 Bac-

231 703 362 768 charum
395 704 607 790 fragmentum
640 706 775 790 scripsit.
828 705 941 772 eodem
971 706 1039 773 fere
1069 713 1211 793 tempore
1240 709 1298 776 hos
1321 711 1442 777 scribas

230 827 360 874 munere
387 828 445 874 suo
474 809 598 876 functos
630 829 702 876 csse
732 809 765 874 id
787 809 1000 896 demonstrat,
1029 811 1114 894 quod
1144 833 1203 878 sua
1232 814 1344 895 cuique
1366 814 1443 880 data

231 918 300 978 erat
322 912 445 997 charta,
469 913 553 980 unde
575 915 774 999 factumest,
794 920 830 978 ut
851 922 924 999 post
940 915 1084 982 Bacchas
1099 922 1131 982 et
1144 916 1343 1000 Iphigeniam
1357 918 1443 984 Auli-

231 1015 363 1083 densem
390 1018 510 1100 aliquot
538 1019 616 1084 folia
642 1038 745 1084 vacua
772 1019 882 1085 relicta
903 1021 973 1086 sint.
1019 1041 1116 1106 opere
1139 1021 1283 1087 absoluto
1306 1023 1442 1106 primum

231 1141 289 1187 sua
321 1123 384 1206 ipsi
417 1121 493 1188 dein
522 1123 603 1189 alius
634 1129 733 1190 totum
763 1124 911 1189 volumen
941 1144 1013 1188 oum
1039 1124 1213 1209 archetypo
1235 1126 1442 1211 contulerunt,

231 1246 355 1294 errores
393 1229 587 1312 corrigentes
622 1229 756 1312 omissa,
793 1234 988 1312 argumenta·
1012 1229 1120 1312 etiam,
1156 1227 1311 1296 addentes
1343 1232 1444 1296 multa

230 1349 270 1395 cx
302 1331 349 1396 eis
378 1352 460 1415 quac
487 1355 513 1418 φ
542 1332 731 1398 adiunxerat
764 1333 961 1416 supplentes,
996 1353 1070 1396 nam
1103 1332 1206 1416 prima
1228 1353 1356 1423 manus
1387 1334 1441 1422 (O)

230 1434 368 1518 primam
399 1457 527 1502 manum
559 1442 590 1500 d>
616 1438 684 1504 fere
707 1444 816 1504 secuta
838 1443 914 1504 erat.
960 1437 1169 1502 haecomnia
1192 1438 1343 1506 0²v000.
1381 1460 1445 1523 qua

230 1557 307 1604 sane
329 1540 484 1607 laudabili
506 1563 582 1608 cura
603 1542 750 1608 effectum
773 1549 835 1627 est,
858 1548 894 1607 ut
915 1541 1023 1623 codex,
1040 1542 1243 1626 apographus
1266 1544 1345 1610 satis
1367 1544 1443 1610 fide·

230 1643 293 1707 lem
316 1645 482 1731 archetypi
503 1648 675 1730 imaginem
697 1647 844 1731 referret,
867 1667 938 1711 cum
961 1653 1034 1712 ante
1058 1666 1174 1711 annum
1191 1655 1274 1713 1347
1299 1650 1443 1730 aequalis

230 1747 297 1813 fere
320 1749 452 1815 Homeri
481 1752 583 1836 illius,
615 1771 709 1834 quem
740 1772 760 1816 a
782 1752 951 1816 Barlaamo
975 1750 1111 1816 Calabro
1141 1752 1264 1836 accepit
1282 1753 1443 1838 Petrarca,

228 1852 262 1917 in
286 1853 481 1920 occidentem
501 1862 786 1941 transportaretur,
810 1877 830 1920 a
852 1855 1028 1940 Symeone,
1055 1862 1091 1921 ut
1112 1855 1253 1943 videtur,
1282 1857 1444 1924 Barlaami

230 1976 268 2022 eo
291 1979 373 2024 anno
394 1961 509 2025 mortui
531 1979 714 2026 successore
736 1961 769 2024 in
792 1959 869 2026 sede
892 1959 1067 2044 episcopali
1082 1960 1227 2026 Hieracis
1248 1961 1269 2026 i.
1286 1981 1313 2026 e.
1329 1961 1443 2028 Locro·

229 2081 315 2146 rum,
344 2063 421 2128 item
444 2064 580 2130 Calabro
606 2065 682 2130 item
711 2064 864 2130 monacho
884 2063 1096 2150 Basilianoss)
1143 2084 1277 2147 quorum
1306 2064 1443 2131 fatorum

229 2172 346 2232 testem
378 2169 483 2252 ipsum
516 2168 657 2235 codicem
691 2169 859 2253 habemus,
891 2169 923 2233 in
958 2169 1046 2234 ouius
1077 2169 1183 2252 prima
1214 2169 1333 2253 pagina
1363 2169 1444 2236 haec

230 2276 340 2337 extant
373 2272 534 2358 descripta
567 2275 632 2339 iam
666 2273 880 2357 aBandinio,
910 2292 1004 2355 quem
1024 2279 1148 2356 tamen,
1181 2293 1253 2337 oum
1275 2273 1443 2340 Hieracem

228 2373 338 2460 (hodie
362 2377 514 2464 Gerasa),
546 2385 578 2444 ct
599 2378 825 2444 Hebradunam
856 2377 964 2463 (hodie
987 2376 1152 2462 Yverdun)
1180 2377 1342 2460 ignoraret
1368 2379 1443 2444 scri-

229 2482 329 2563 ptoris
349 2503 465 2549 nomen
486 2482 576 2566 fugit.

274 2603 342 2690 ῒτῇ
373 2597 420 2685 κγ’
449 2609 507 2668 τοῦ
529 2598 651 2667 ίουυίου
674 2599 774 2689 μηνὸς
802 2603 859 2666 τοῦ
890 2620 984 2692 ,georg
1007 2597 1099 2677 ἔτους
1117 2600 1232 2688 (1348)
1253 2605 1311 2688 τῆς
1333 2595 1361 2664 α’
1385 2597 1441 2666 ίυό.

274 2701 424 2794 ἐγενόμην
443 2704 629 2784 ἐπίσκοπος
649 2711 705 2770 τοῦ
723 2701 861 2792 Ἱέρακος
884 2702 917 2768 ἐν
940 2698 1077 2786 ὀνόματι
1095 2708 1152 2769 τοῦ
1173 2703 1301 2788 πατρὸς
1317 2703 1373 2770 καί
1387 2711 1444 2771 τσῐ1

273 2805 343 2874 vicit
369 2809 425 2875 καί
453 2814 510 2875 τοῦ
531 2807 624 2894 ἁγίου
646 2805 859 2892 πυεόματσςῒ
880 2807 960 2874 κατὰ
984 2809 1040 2896 τὴν
1061 2802 1100 2892 ιγ’
1122 2813 1180 2874 τοῦ
1201 2805 1323 2875 ἰουλίου
1345 2809 1444 2898 μηνὸς

273 2918 330 2978 τοῦ
350 2910 447 2980 αὐτοῦ
470 2911 562 2992 ἔτους
582 2913 637 2979 καί
658 2921 716 3002 τῆς
738 2909 834 3000 αὐτῆς
856 2909 916 2982 ἰυό.
939 2906 1189 3000 πρυτβιβὰσθτγυ
1206 2909 1252 2991 είς
1266 2913 1342 2992 τοὰς
1358 2909 1444 3000 ispu-

274 3016 381 3096 τικοὺς
402 3015 539 3097 ἥττονας
559 3017 711 3101 βαθμοὺς
732 3014 798 3084 tat
815 3020 872 3084 τοῦ
887 3014 1067 3102 ἁγιωτότσυ
1082 3040 1143 3099 μου
1159 3016 1320 3083 δεσπότου
1337 3016 1445 3106 κυρίου

275 3122 473 3209 Βερτρόυόου
498 3127 556 3188 rod
574 3114 706 3189 Ὀστίων
730 3117 935 3210 κορόιυαλίου
957 3127 1015 3209 τῆς
1036 3115 1130 3205 ἁγίας
1150 3125 1208 3185 τοῦ
1229 3126 1309 3186 θεοῦ
1334 3120 1445 3210 ἐκκλη-

278 3224 354 3304 σίας
384 3233 442 3314 τῆς
460 3222 583 3315 Ῥώμης
611 3225 644 3292 ἐν
673 3233 712 3316 τῇ
740 3229 824 3314 μονῇ
853 3230 912 3291 τοῦ
940 3219 1283 3311 ἁγιωτάτουἈυόρόου
1306 3223 1444 3312 πλησίου

275 3338 332 3398 τοῦ
353 3328 539 3416 Ἀβιυιῶυος
568 3329 602 3396 ἐν
625 3337 671 3418 τῷ
695 3325 791 3418 τόπῳ
811 3335 859 3417 τῷ
878 3325 1039 3414 λεγομένῳ
1060 3323 1229 3412 Βίλανόβο
1252 3327 1284 3394 ἕν
1303 3333 1350 3416 τῷ
1371 3322 1445 3396 όυό-

274 3461 353 3519 ματι
372 3443 429 3501 τοῦ
453 3435 580 3519 πατρὸς
601 3434 657 3501 καί
679 3441 736 3500 τοῦ
758 3431 827 3501 υἷοῢ
842 3431 969 3498 καὶτοῦ
990 3428 1084 3517 ἁγίου
1099 3431 1283 3515 πνεύματος
1297 3440 1353 3522 τῆς
1367 3438 1445 3516 μιᾶς

275 3535 434 3628 θεότητος
456 3539 566 3629 aprini

234 3669 266 3729 ct
288 3664 432 3747 proximo
455 3684 537 3729 anno
559 3663 678 3729 ibidem
695 3662 817 3728 notavit

232 3936 339 3990 fabulas
365 3939 471 4003 practer
494 3934 612 3989 Bacchas
636 3933 751 4002 spondet
778 3933 887 3992 natura;
916 3930 1074 4000 Sophoclem
1099 3929 1199 3984 ibidem
1224 3930 1358 3996 extitisse,
1382 3947 1444 3984 con·

233 4023 354 4078 sentiens
376 4021 550 4092 apographon
575 4023 698 4076 alterum.
736 4019 912 4084 Aeschylum,
936 4035 988 4087 quo
1014 4017 1211 4072 Laurentianus
1234 4015 1344 4077 finitur,
1374 4016 1445 4084 quod

233 4109 341 4172 addidi,
363 4109 524 4169 Hesiodum,
547 4108 647 4162 iniuria
672 4109 704 4160 ut
726 4107 846 4168 videtur,
871 4105 942 4174 quod
965 4103 1057 4171 omisi,
1085 4120 1145 4158 oum
1170 4103 1205 4156 ad
1221 4103 1283 4156 illos
1301 4103 1445 4170 scriptores

232 4195 409 4250 recenrendos
425 4198 484 4248 tum
504 4194 539 4248 ad
557 4195 685 4248 iudicium
705 4194 737 4248 de
755 4191 908 4260 Euripideis
927 4189 1069 4245 ferendum
1086 4189 1157 4243 nihil
1174 4188 1263 4244 adfert
1280 4189 1419 4244 momenti.

321 4316 348 4384 8)
366 4315 483 4370 Nomina
506 4318 534 4369 et
555 4317 677 4384 tempora
695 4316 878 4383 episcoporum
901 4312 1010 4366 illorum
1034 4312 1173 4380 praeclara
1194 4309 1243 4362 illa
1268 4311 1295 4362 et
1313 4310 1356 4363 vel
1374 4309 1446 4363 inter

232 4403 317 4456 Italos
342 4403 487 4470 ringulari,
513 4419 566 4472 qua
592 4402 683 4456 studia
706 4401 837 4455 bonarum
856 4400 955 4453 artium
980 4398 1068 4459 fovet,
1095 4396 1261 4451 liberalitate
1284 4395 1351 4448 mihi
1374 4396 1444 4448 indi-

234 4491 304 4544 cavit
320 4489 355 4543 N.
379 4489 507 4552 daciani,
531 4487 730 4544 bibliothecarii
749 4486 925 4541 Laurentium
948 4486 1005 4538 vice
1026 4485 1152 4552 fungens.
1189 4483 1231 4536 cui
1251 4481 1320 4554 quod
1339 4484 1444 4552 pubHce

233 4576 418 4646 gratissimum
437 4577 556 4631 animum
574 4576 676 4646 possim
694 4575 803 4638 testari,
823 4589 903 4646 quam
919 4572 1034 4629 maxime
1053 4572 1148 4628 laetor.
