3594 5292
357 398 392 453 60
806 395 808 402 ’
923 394 945 448 Ι.
963 396 989 449 8.

358 568 586 654 eorreptissimi
608 567 747 655 leetioni)
769 573 865 652 atque
880 566 1041 652 designari
1056 567 1198 649 singulas
1212 568 1337 635 fabulas
1350 567 1506 635 adieetivo
1523 566 1566 632 ad

358 667 514 758 σατύρους
538 671 663 757 addito,
691 673 791 739 veluti
819 667 976 757 Θερισταί
999 666 1119 756 Kopai
1142 665 1318 758 Αὕλιμδοός
1345 671 1389 738 ad
1405 671 1566 757 praeposi.

358 777 452 843 tionis
480 795 572 843 usum
598 775 635 843 of.
656 777 799 844 Platonis
825 767 883 862 ἄρ’
916 770 1010 862 ἱερῶν
1037 774 1181 842 Alexidis
1204 771 1250 853 εἰς
1270 773 1307 842 τὸ
1331 774 1442 864 φρέαρ.
1487 775 1565 841 Her·
1622 805 1625 810 ·

358 881 445 947 eules
475 880 614 965 satyrios
636 900 692 946 eur
712 879 826 946 eadem
847 879 947 946 fuisse
970 879 1093 944 dieatnr
1114 884 1209 962 atque
1232 877 1290 945 ἐπὶ
1312 877 1454 965 ταενάρῳ
1475 879 1567 944 σάτυ-

358 1007 409 1070 ροι
438 985 559 1069 nesoio,
591 984 661 1052 fieri
687 985 828 1069 potuisse
857 1005 920 1050 non
941 983 1071 1066 infitior3
1101 989 1135 1049 at
1164 983 1398 1069 Heraaleisous,
1428 983 1569 1069 satyrioa

357 1090 407 1156 bis
436 1089 477 1154 ab
499 1087 616 1156 Orione
641 1095 829 1174 memorata,
858 1089 927 1155 sine
957 1089 1024 1154 ulla
1053 1088 1176 1154 ratione
1197 1088 1261 1154 imo
1284 1094 1394 1154 eontra
1415 1088 1568 1154 rationem

358 1193 419 1260 huo
444 1193 546 1259 relata
572 1199 630 1260 est.
681 1195 734 1260 vel
764 1194 832 1260 sino
856 1193 1045 1259 Theocriteo
1069 1192 1208 1258 carmine
1237 1191 1278 1259 de
1304 1192 1441 1260 Heroule
1468 1212 1568 1278 puero

358 1302 444 1364 esset
462 1297 679 1383 rogitandum,
706 1299 740 1363 in
768 1297 946 1364 nominibus
975 1302 1082 1364 autem
1104 1316 1187 1379 quae
1208 1297 1308 1363 semel
1330 1304 1449 1386 certam
1470 1297 1569 1362 notio-

358 1421 431 1467 nem
463 1407 665 1486 sumpserunt
690 1402 752 1468 sibi
769 1408 914 1468 constare
936 1401 1096 1468 Graecum
1118 1407 1176 1468 est.
1219 1421 1323 1484 neque
1337 1401 1482 1486 profecto
1498 1421 1568 1467 een-

358 1511 425 1571 tum
459 1511 492 1572 et
521 1505 675 1572 tredecim
701 1505 868 1590 Sophoolis
899 1505 1025 1572 fabulas
1056 1505 1266 1589 pernovimus.
1317 1498 1480 1589 Ἡρακλέα
1511 1501 1570 1570 ἐπὶ

362 1602 514 1695 Ταινάρῳ
542 1610 740 1695 sustulimus,
768 1629 872 1692 neque
899 1607 1092 1692 μαινόμενος
1121 1610 1234 1676 melius
1265 1610 1399 1676 resistet.
1452 1609 1570 1694 quippe

359 1733 453 1780 nemo
475 1733 516 1780 ex
536 1714 711 1798 veteribus,
734 1715 789 1796 qni
807 1713 1002 1799 Euripideae
1016 1713 1145 1779 fabulae
1159 1714 1385 1798 meminerunt,
1407 1713 1467 1780 hoe
1481 1711 1569 1780 addi-

359 1822 533 1883 tamentum
553 1818 650 1884 novit.
694 1818 772 1884 nihil
794 1819 878 1884 enim
896 1818 959 1883 hue
980 1816 1056 1884 fauit
1079 1817 1207 1885 Sueten.
1227 1817 1303 1884 Nor.
1320 1825 1371 1883 26.
1407 1816 1571 1902 conposita

359 1920 483 1988 invenis
508 1922 689 1989 testimonia
713 1923 747 1988 in
772 1922 969 2006 praefatione
997 1921 1136 1988 Nauokii
1163 1921 1207 1986 ad
1234 1921 1483 2006 fragmentorum
1505 1920 1571 1986 edi·
1632 1975 1634 1980 .

360 2024 478 2092 tionem
499 2025 668 2111 minorem,
691 2027 805 2110 quibus
827 2025 912 2092 adde
932 2025 1029 2092 sohel.
1052 2026 1125 2092 Eur.
1142 2024 1196 2092 Or.
1213 2033 1265 2109 73,
1286 2025 1382 2092 Dind.
1396 2026 1437 2090 Π.
1453 2031 1504 2110 52,
1520 2031 1571 2091 22.

359 2127 435 2195 inde
471 2128 632 2214 proiectus
669 2130 890 2214 extirpandum
917 2129 997 2196 illud
1025 2149 1098 2196 esse
1126 2130 1338 2214 comederam,
1369 2128 1572 2211 tabulamque

360 2232 429 2300 sine
459 2233 592 2300 molesto
614 2233 832 2302 additamento
853 2235 1023 2301 Herculem
1042 2254 1192 2300 voearam
1215 2233 1530 2316 aalaaftsptilolopa'e
1548 2233 1573 2296 l.

360 2335 434 2402 adn.
458 2343 508 2404 51.
552 2337 723 2406 admodum
744 2339 874 2423 gavisus
889 2358 974 2422 sum,
996 2358 1068 2404 eum
1083 2337 1109 2404 0
1124 2358 1187 2404 non
1201 2339 1305 2421 magis
1320 2338 1388 2404 eins
1402 2329 1573 2420 uestigium

361 2439 439 2506 milri
458 2441 570 2508 obtulit
597 2463 692 2526 quarn
714 2450 782 2510 tota
802 2450 945 2510 veterum
963 2443 1125 2509 memoria.
1168 2439 1264 2508 etiam
1290 2441 1477 2526 apographa
1502 2441 1574 2506 Flo-

363 2545 488 2612 rentina
507 2567 545 2613 eo
568 2554 689 2634 darent,
712 2549 834 2616 Musuri
854 2549 951 2633 igitur
972 2546 1099 2615 videtur
1121 2547 1298 2631 inventum,
1322 2546 1390 2614 sive
1413 2545 1456 2610 ad
1476 2545 1574 2612 Sene-

362 2669 420 2716 eao
440 2649 580 2718 fabulam
602 2673 666 2719 non
687 2653 807 2720 maiore
828 2653 897 2719 inre
918 2653 964 2718 ita
982 2657 1142 2736 voratam,
1164 2650 1233 2717 sive
1247 2650 1291 2716 ad
1305 2649 1464 2717 iniieetam
1479 2668 1575 2732 quam

363 2774 403 2821 ex
424 2755 577 2840 Euripide
599 2758 771 2842 oonpilavit
792 2757 1002 2824 Philostratus
1022 2756 1194 2840 imaginem
1215 2755 1322 2822 fiotum
1342 2761 1399 2822 est

450 2925 594 2994 Tandem
616 2928 660 2994 ad
681 2930 877 3014 propositum
899 2935 1050 2996 revertor.
1095 2947 1168 2994 ecee
1190 2927 1284 2993 Hero.
1308 2933 1486 2992 890-922

445 3085 555 3122 κακοῖσιν
577 3074 764 3123 ἐκπετάσουσιν.Ι
824 3083 883 3138 (890)
912 3075 940 3123 td
1083 3073 1230 3142 κατάρχεται
1243 3073 1354 3141 χόρευμα
1367 3073 1498 3137 τυμπάνων
1510 3073 1576 3139 άτερ.

576 3150 657 3205 στέγαι

445 3209 475 3260 ού
488 3219 580 3280 βρομίω
594 3223 752 3283 κεχαρισμένα
766 3216 860 3284 θύρσοι.
1081 3215 1109 3264 lud
1124 3214 1209 3277 δόμοι,Ι
1235 3213 1297 3281 πρός
1311 3209 1392 3276 αἵματ’
1407 3211 1578 3276 σύχίτάςδιο·

1211 3285 1322 3340 νυσιάδος

365 3361 424 3416 (895)
449 3354 559 3420 βοτρύων
576 3360 617 3406 ἐπί
635 3355 740 3422 χεύμασι
759 3359 850 3423 trifido:
876 3366 939 3422 φυγή
1083 3357 1150 3406 δάιον
1169 3356 1223 3406 τάδε
1242 3355 1322 3406 δάιον·
1342 3361 1413 3419 μέλας
1430 3357 1577 3405 ἐπαυλεῖται.

465 3441 469 3448 ’
581 3433 651 3477 τέκνα
665 3428 793 3498 ἐξορμᾶτε.
806 3468 812 3479 .

438 3511 576 3559 ,κυναγετεῃ
591 3504 617 3548 τί
629 3506 717 3550 τίκτων
726 3502 838 3562 διωγμόν.Ι
852 3498 937 3549 οὔποτ’
1081 3498 1161 3548 λύσσα
1174 3497 1337 3562 βακχεύσει..
1366 3503 1392 3546 ul
1405 3503 1432 3546 al
1444 3504 1537 3546 κακῶνε

578 3573 682 3640 ἄκραντα
696 3573 792 3636 δόμοισι

366 3645 425 3699 (900)
447 3645 473 3687 ul
485 3645 512 3688 al
521 3641 593 3701 δῆταε
611 3642 653 3691 τόν
666 3645 883 3712 μεραιόνώςστδνυι
894 3682 899 3691 .
912 3681 917 3691 .
930 3681 935 3690 .
1089 3645 1141 3708 πρα
1155 3639 1198 3689 τάν
1212 3656 1237 3688 τε
1251 3638 1416 3707 παιδοτρόφον
1424 3637 1502 3701 μα’ταν
1510 3643 1580 3686 τέκεα

890 3739 891 3742 “
1099 3755 1116 3771 α
1215 3717 1337 3772 perusiam:

366 3779 430 3842 ζότ..·
449 3777 502 3830 ίδού
517 3784 584 3832 ίδούε
610 3793 669 3847 (995)
685 3787 779 3835 θύελλα
792 3794 850 3836 σείει
859 3786 939 3846 δῶμα·
1083 3784 1128 3848 ἦν(
1148 3792 1172 3834 τί
1185 3783 1242 3850 δράς
1256 3780 1275 3829 ὦ
1289 3781 1340 3835 διδς
1353 3792 1412 3830 παῖε
1432 3779 1553 3847 μελάθρα)

579 3865 715 3918 συμπίπτει
729 3863 798 3918 ardys]

445 3923 553 3992 τάραγμα
566 3927 719 3994 ταρτάρειον·
737 3925 814 3982 αύςλπ’
824 3927 938 3989 inridetur
1081 3932 1114 3980 είς
1132 3923 1222 3986 δόμους
1239 3929 1353 3984 πέμπεις.Ι
1391 3919 1410 3968 ά
1428 3919 1501 3969 λευκά
1518 3918 1581 3986 γήρα

579 4002 639 4047 nost
653 3998 746 4053 πολλάς
1217 3993 1325 4056 σώματα.

365 4074 422 4126 (910)
444 4063 568 4123 ἀνακαλεῖς
585 4089 614 4131 με
628 4078 681 4118 τίνα
695 4070 767 4133 βοάν·
784 4090 823 4117 -.·
845 4069 938 4117 άλαστα
1081 4066 1165 4129 μάντιν
1179 4063 1225 4128 υύχ
1238 4069 1319 4130 ἕτερον
1328 4060 1415 4126 ἄξομαι
1428 4081 1467 4107 -.·
1479 4067 1580 4110 τεθνᾶσι

579 4139 623 4189 τάν
639 4141 735 4202 δόμοισι
970 4147 972 4155 ‘
1220 4136 1304 4189 παῖδες

446 4214 472 4257 αλ
486 4216 525 4259 ui:
544 4210 672 4268 ouuvritrs‘t‘
687 4210 861 4265 devastasset:
874 4211 939 4260 dara
1003 4218 1061 4272 (915)
1087 4208 1151 4257 dator
1166 4207 1191 4254 dl
1206 4212 1294 4255 τοκέων
1305 4211 1387 4274 χάρις.-

599 4302 664 4331 euos:
1478 4308 1497 4338 ω

393 4380 420 4390 -
447 4349 492 4400 oda
506 4353 535 4402 ἂν
548 4302 669 4408 τιςφείπαι
687 4361 829 4418 μᾶλλον...
849 4352 940 4402 πεπόν-
1000 4369 1056 4417 χορ.
1085 4356 1137 4402 πῶς
1150 4353 1222 4396 παισί
1235 4343 1365 4396 στενακτὰν
1379 4343 1506 4392 desudarit
1534 4359 1581 4391 πα-

581 4432 661 4488 θαμεν
1215 4423 1284 4484 τέρας
1298 4413 1424 4478 ἀμφαίνεις
1434 4451 1439 4462 .
1451 4451 1472 4466 ..

367 4489 500 4555 tlararry·
515 4504 567 4544 τίνα
580 4496 672 4564 τρόπον
686 4500 772 4546 ἔσσυτο
786 4495 876 4546 θεόθεν
1002 4499 1061 4554 (920)
1084 4494 1124 4540 ἐπὶ
1142 4495 1254 4555 μίλαθρα
1272 4485 1334 4534 κακά
1349 4484 1410 4546 Ιτόδε
1464 4482 1582 4547 τλήμονάς

367 4562 417 4630 ἄμμ.
451 4566 501 4638 ίερά
514 4572 561 4621 κτί,
1219 4575 1245 4610 τε
1258 4558 1355 4606 παίδων
1368 4555 1450 4622 τύχας.
