<?xml version="1.0" encoding="UTF-8"?>
<!DOCTYPE html PUBLIC "-//W3C//DTD XHTML 1.0 Transitional//EN"
    "http://www.w3.org/TR/xhtml1/DTD/xhtml1-transitional.dtd">
<html xmlns="http://www.w3.org/1999/xhtml" xml:lang="en" lang="en">
 <head>
  <title>
</title>
<meta http-equiv="Content-Type" content="text/html;charset=utf-8" />
  <meta name='ocr-system' content='tesseract 3.04.00' />
  <meta name='ocr-capabilities' content='ocr_page ocr_carea ocr_par ocr_line ocrx_word'/>
</head>
<body>
  <div class='ocr_page' id='page_1' title='image "./analectaevripid00moegoog_0031.png"; bbox 0 0 3594 5292; ppageno 0'>
   <div class='ocr_carea' id='block_1_1' title="bbox 372 431 1029 496">
    <p class='ocr_par' dir='ltr' id='par_1_1' title="bbox 372 431 1029 496">
     <span class='ocr_line' id='line_1_1' title="bbox 372 431 1029 496; baseline -0.018 0"><span class='ocrx_word' id='word_1_1' title='bbox 372 439 408 496; x_wconf 72' lang='lat' dir='ltr'>m</span> <span class='ocrx_word' id='word_1_2' title='bbox 963 432 986 487; x_wconf 92' lang='lat'>1.</span> <span class='ocrx_word' id='word_1_3' title='bbox 1003 431 1029 488; x_wconf 84' lang='lat'>4.</span> 
     </span>
    </p>
   </div>
   <div class='ocr_carea' id='block_1_2' title="bbox 372 615 961 932">
    <p class='ocr_par' dir='ltr' id='par_1_2' title="bbox 372 615 961 932">
     <span class='ocr_line' id='line_1_2' title="bbox 372 615 509 686; baseline 0.015 -15"><span class='ocrx_word' id='word_1_4' title='bbox 372 615 509 686; x_wconf 62' lang='lat' dir='ltr'>essese</span> 
     </span>
     <span class='ocr_line' id='line_1_3' title="bbox 423 693 961 772; baseline -0.017 -13"><span class='ocrx_word' id='word_1_5' title='bbox 423 703 477 760; x_wconf 79' lang='lat'>452</span> <span class='ocrx_word' id='word_1_6' title='bbox 511 705 625 772; x_wconf 84' lang='grc' dir='ltr'><strong><em>λοχείαν</em></strong></span> <span class='ocrx_word' id='word_1_7' title='bbox 642 704 796 756; x_wconf 74' lang='grc' dir='ltr'><strong><em>ελλείῶυισν</em></strong></span> <span class='ocrx_word' id='word_1_8' title='bbox 815 693 886 768; x_wconf 72' lang='grc' dir='ltr'><strong><em>ἐμάν</em></strong></span> <span class='ocrx_word' id='word_1_9' title='bbox 906 693 961 750; x_wconf 99' lang='grc' dir='ltr'>ΡΟ.</span> 
     </span>
     <span class='ocr_line' id='line_1_4' title="bbox 423 781 839 862; baseline -0.017 -18"><span class='ocrx_word' id='word_1_10' title='bbox 423 789 477 844; x_wconf 86' lang='grc'>463</span> <span class='ocrx_word' id='word_1_11' title='bbox 511 788 767 862; x_wconf 77' lang='grc' dir='ltr'><strong><em>παραχορευομένοι</em></strong></span> <span class='ocrx_word' id='word_1_12' title='bbox 785 781 839 839; x_wconf 88' lang='grc' dir='ltr'>ΡΟ.</span> 
     </span>
     <span class='ocr_line' id='line_1_5' title="bbox 424 870 912 932; baseline -0.012 0"><span class='ocrx_word' id='word_1_13' title='bbox 424 875 477 932; x_wconf 81' lang='grc'>465</span> <span class='ocrx_word' id='word_1_14' title='bbox 513 877 548 930; x_wconf 86' lang='grc' dir='ltr'>σύ</span> <span class='ocrx_word' id='word_1_15' title='bbox 567 893 596 929; x_wconf 85' lang='grc' dir='ltr'>τε</span> <span class='ocrx_word' id='word_1_16' title='bbox 614 878 663 928; x_wconf 82' lang='grc' dir='ltr'>καί</span> <span class='ocrx_word' id='word_1_17' title='bbox 681 870 735 927; x_wconf 88' lang='grc' dir='ltr'>ΡΟ.</span> <span class='ocrx_word' id='word_1_18' title='bbox 770 889 799 925; x_wconf 85' lang='grc' dir='ltr'>τε</span> <span class='ocrx_word' id='word_1_19' title='bbox 818 871 871 926; x_wconf 83' lang='lat' dir='ltr'>del</span> <span class='ocrx_word' id='word_1_20' title='bbox 890 885 912 926; x_wconf 78' lang='lat' dir='ltr'>e.</span> 
     </span>
    </p>
   </div>
   <div class='ocr_carea' id='block_1_3' title="bbox 423 955 1583 1116">
    <p class='ocr_par' dir='ltr' id='par_1_3' title="bbox 423 955 1583 1116">
     <span class='ocr_line' id='line_1_6' title="bbox 424 955 930 1029; baseline -0.014 -11"><span class='ocrx_word' id='word_1_21' title='bbox 424 961 476 1018; x_wconf 87' lang='grc'>479</span> <span class='ocrx_word' id='word_1_22' title='bbox 511 960 547 1023; x_wconf 78' lang='grc' dir='ltr'>ὥς</span> <span class='ocrx_word' id='word_1_23' title='bbox 567 961 677 1024; x_wconf 75' lang='grc' dir='ltr'><em>ἕξοντες</em></span> <span class='ocrx_word' id='word_1_24' title='bbox 693 957 747 1014; x_wconf 90' lang='grc' dir='ltr'>ΡΟ.</span> <span class='ocrx_word' id='word_1_25' title='bbox 783 961 809 1029; x_wconf 79' lang='grc' dir='ltr'>γ’</span> <span class='ocrx_word' id='word_1_26' title='bbox 828 955 888 1010; x_wconf 85' lang='lat' dir='ltr'>edd.</span> <span class='ocrx_word' id='word_1_27' title='bbox 908 971 930 1012; x_wconf 82' lang='grc' dir='ltr'><strong>ο.</strong></span> 
     </span>
     <span class='ocr_line' id='line_1_7' title="bbox 423 1037 1583 1116; baseline -0.015 -10"><span class='ocrx_word' id='word_1_28' title='bbox 423 1050 477 1106; x_wconf 85' lang='grc'>486</span> <span class='ocrx_word' id='word_1_29' title='bbox 510 1050 663 1116; x_wconf 78' lang='grc' dir='ltr'><strong><em>βασιλικῶν</em></strong></span> <span class='ocrx_word' id='word_1_30' title='bbox 680 1045 704 1100; x_wconf 85' lang='grc' dir='ltr'>τ’</span> <span class='ocrx_word' id='word_1_31' title='bbox 724 1044 780 1100; x_wconf 80' lang='grc' dir='ltr'><strong><em>ελεν</em></strong></span> <span class='ocrx_word' id='word_1_32' title='bbox 797 1041 936 1113; x_wconf 72' lang='grc' dir='ltr'><strong><em>θαλάμων</em></strong></span> <span class='ocrx_word' id='word_1_33' title='bbox 953 1040 1007 1096; x_wconf 92' lang='grc' dir='ltr'>ΡΟ.</span> <span class='ocrx_word' id='word_1_34' title='bbox 1039 1039 1179 1096; x_wconf 84' lang='lat' dir='ltr'>etreieeit</span> <span class='ocrx_word' id='word_1_35' title='bbox 1196 1038 1327 1094; x_wconf 83' lang='lat' dir='ltr'>veesbule</span> <span class='ocrx_word' id='word_1_36' title='bbox 1342 1037 1439 1108; x_wconf 86' lang='lat' dir='ltr'>positis</span> <span class='ocrx_word' id='word_1_37' title='bbox 1452 1037 1583 1105; x_wconf 64' lang='lat' dir='ltr'>edlitte-</span> 
     </span>
    </p>
   </div>
   <div class='ocr_carea' id='block_1_4' title="bbox 512 1122 1584 1203">
    <p class='ocr_par' dir='ltr' id='par_1_4' title="bbox 512 1122 1584 1203">
     <span class='ocr_line' id='line_1_8' title="bbox 512 1122 1584 1203; baseline -0.012 -13"><span class='ocrx_word' id='word_1_38' title='bbox 512 1135 566 1203; x_wconf 87' lang='lat' dir='ltr'>ris,</span> <span class='ocrx_word' id='word_1_39' title='bbox 594 1137 624 1189; x_wconf 86' lang='lat' dir='ltr'>et</span> <span class='ocrx_word' id='word_1_40' title='bbox 647 1148 702 1188; x_wconf 87' lang='lat' dir='ltr'>nou</span> <span class='ocrx_word' id='word_1_41' title='bbox 720 1131 836 1186; x_wconf 75' lang='lat' dir='ltr'>Aldinae</span> <span class='ocrx_word' id='word_1_42' title='bbox 853 1128 940 1184; x_wconf 88' lang='lat' dir='ltr'>voluit</span> <span class='ocrx_word' id='word_1_43' title='bbox 957 1126 1076 1184; x_wconf 80' lang='lat' dir='ltr'>ordinem</span> <span class='ocrx_word' id='word_1_44' title='bbox 1096 1125 1145 1184; x_wconf 88' lang='lat' dir='ltr'>sed</span> <span class='ocrx_word' id='word_1_45' title='bbox 1162 1123 1299 1200; x_wconf 74' lang='grc' dir='ltr'><strong><em>θαλάμων</em></strong></span> <span class='ocrx_word' id='word_1_46' title='bbox 1314 1127 1465 1193; x_wconf 77' lang='grc' dir='ltr'><strong><em>βασιλικῶν</em></strong></span> <span class='ocrx_word' id='word_1_47' title='bbox 1481 1125 1504 1176; x_wconf 85' lang='grc' dir='ltr'>τ’</span> <span class='ocrx_word' id='word_1_48' title='bbox 1521 1122 1584 1177; x_wconf 76' lang='lat' dir='ltr'>elev.</span> 
     </span>
    </p>
   </div>
   <div class='ocr_carea' id='block_1_5' title="bbox 422 1215 1586 2332">
    <p class='ocr_par' dir='ltr' id='par_1_5' title="bbox 423 1215 906 1294">
     <span class='ocr_line' id='line_1_9' title="bbox 423 1215 906 1294; baseline -0.019 -15"><span class='ocrx_word' id='word_1_49' title='bbox 423 1222 475 1280; x_wconf 89' lang='grc'>487</span> <span class='ocrx_word' id='word_1_50' title='bbox 511 1239 544 1294; x_wconf 79' lang='grc' dir='ltr'>γε</span> <span class='ocrx_word' id='word_1_51' title='bbox 561 1225 663 1276; x_wconf 76' lang='grc' dir='ltr'><strong><em>τέκνοιν</em></strong></span> <span class='ocrx_word' id='word_1_52' title='bbox 678 1219 733 1276; x_wconf 90' lang='grc' dir='ltr'>ΡΟ.</span> <span class='ocrx_word' id='word_1_53' title='bbox 770 1237 802 1290; x_wconf 79' lang='grc' dir='ltr'>γε</span> <span class='ocrx_word' id='word_1_54' title='bbox 824 1215 869 1272; x_wconf 90' lang='lat' dir='ltr'>del</span> <span class='ocrx_word' id='word_1_55' title='bbox 884 1233 906 1272; x_wconf 91' lang='lat' dir='ltr'>e.</span> 
     </span>
    </p>

    <p class='ocr_par' dir='ltr' id='par_1_6' title="bbox 423 1305 766 1380">
     <span class='ocr_line' id='line_1_10' title="bbox 423 1305 766 1380; baseline -0.017 -15"><span class='ocrx_word' id='word_1_56' title='bbox 423 1309 476 1365; x_wconf 87' lang='lat'>494</span> <span class='ocrx_word' id='word_1_57' title='bbox 510 1307 696 1380; x_wconf 69' lang='grc' dir='ltr'><strong><em>μοχοὶῙδαισὶ</em></strong></span> <span class='ocrx_word' id='word_1_58' title='bbox 712 1305 766 1360; x_wconf 90' lang='grc' dir='ltr'>ΡΟ.</span> 
     </span>
    </p>

    <p class='ocr_par' dir='ltr' id='par_1_7' title="bbox 422 1391 958 1467">
     <span class='ocr_line' id='line_1_11' title="bbox 422 1391 958 1467; baseline -0.013 -15"><span class='ocrx_word' id='word_1_59' title='bbox 422 1395 474 1453; x_wconf 77' lang='lat'>521</span> <span class='ocrx_word' id='word_1_60' title='bbox 511 1399 615 1467; x_wconf 76' lang='grc' dir='ltr'><strong><em>φυγεῖν</em></strong></span> <span class='ocrx_word' id='word_1_61' title='bbox 632 1391 685 1448; x_wconf 91' lang='grc' dir='ltr'>ΡΟ.</span> <span class='ocrx_word' id='word_1_62' title='bbox 715 1393 904 1464; x_wconf 63' lang='lat' dir='ltr'>paterenos</span> <span class='ocrx_word' id='word_1_63' title='bbox 915 1391 958 1446; x_wconf 58' lang='grc' dir='ltr'>Οἳ.</span> 
     </span>
    </p>

    <p class='ocr_par' dir='ltr' id='par_1_8' title="bbox 425 1473 671 1557">
     <span class='ocr_line' id='line_1_12' title="bbox 425 1473 671 1557; baseline -0.028 -17"><span class='ocrx_word' id='word_1_64' title='bbox 425 1484 477 1540; x_wconf 78' lang='lat'>522</span> <span class='ocrx_word' id='word_1_65' title='bbox 512 1478 601 1557; x_wconf 81' lang='grc' dir='ltr'><strong><em>ῥήξεις</em></strong></span> <span class='ocrx_word' id='word_1_66' title='bbox 616 1473 671 1536; x_wconf 89' lang='grc' dir='ltr'>ΡΟ.</span> 
     </span>
    </p>

    <p class='ocr_par' dir='ltr' id='par_1_9' title="bbox 426 1564 705 1640">
     <span class='ocr_line' id='line_1_13' title="bbox 426 1564 705 1640; baseline -0.018 -15"><span class='ocrx_word' id='word_1_67' title='bbox 426 1569 479 1625; x_wconf 83' lang='grc'>533</span> <span class='ocrx_word' id='word_1_68' title='bbox 513 1564 634 1640; x_wconf 71' lang='grc' dir='ltr'><strong><em>ἐσφάλης</em></strong></span> <span class='ocrx_word' id='word_1_69' title='bbox 650 1564 705 1622; x_wconf 91' lang='grc' dir='ltr'>ΡΟ.</span> 
     </span>
    </p>

    <p class='ocr_par' dir='ltr' id='par_1_10' title="bbox 425 1649 1586 1810">
     <span class='ocr_line' id='line_1_14' title="bbox 425 1649 1586 1722; baseline -0.008 -10"><span class='ocrx_word' id='word_1_70' title='bbox 425 1657 477 1712; x_wconf 92' lang='grc'>541</span> <span class='ocrx_word' id='word_1_71' title='bbox 512 1651 599 1709; x_wconf 81' lang='grc' dir='ltr'><strong><em>τούτω</em></strong></span> <span class='ocrx_word' id='word_1_72' title='bbox 615 1652 669 1708; x_wconf 89' lang='grc' dir='ltr'>ΡΟ.</span> <span class='ocrx_word' id='word_1_73' title='bbox 705 1655 736 1708; x_wconf 82' lang='lat' dir='ltr'>et</span> <span class='ocrx_word' id='word_1_74' title='bbox 753 1655 848 1708; x_wconf 86' lang='lat' dir='ltr'>esutus</span> <span class='ocrx_word' id='word_1_75' title='bbox 866 1653 946 1708; x_wconf 88' lang='lat' dir='ltr'>homo</span> <span class='ocrx_word' id='word_1_76' title='bbox 962 1652 1032 1708; x_wconf 87' lang='lat' dir='ltr'>nihil</span> <span class='ocrx_word' id='word_1_77' title='bbox 1048 1653 1163 1709; x_wconf 83' lang='lat' dir='ltr'>eouieiet</span> <span class='ocrx_word' id='word_1_78' title='bbox 1180 1652 1234 1708; x_wconf 88' lang='lat' dir='ltr'>uisi</span> <span class='ocrx_word' id='word_1_79' title='bbox 1253 1652 1395 1722; x_wconf 78' lang='lat' dir='ltr'>antiquum</span> <span class='ocrx_word' id='word_1_80' title='bbox 1413 1649 1482 1704; x_wconf 93' lang='lat' dir='ltr'>illud</span> <span class='ocrx_word' id='word_1_81' title='bbox 1493 1654 1586 1704; x_wconf 81' lang='grc' dir='ltr'><strong><em>τοῦτο.</em></strong></span> 
     </span>
     <span class='ocr_line' id='line_1_15' title="bbox 425 1738 876 1810; baseline -0.011 -11"><span class='ocrx_word' id='word_1_82' title='bbox 425 1742 478 1800; x_wconf 88' lang='grc'>559</span> <span class='ocrx_word' id='word_1_83' title='bbox 512 1738 605 1809; x_wconf 82' lang='grc' dir='ltr'><strong>ἢΡΟ.</strong></span> <span class='ocrx_word' id='word_1_84' title='bbox 640 1739 701 1810; x_wconf 74' lang='grc' dir='ltr'>ἦρ.</span> <span class='ocrx_word' id='word_1_85' title='bbox 719 1739 876 1796; x_wconf 75' lang='lat' dir='ltr'>Bau-nesius.</span> 
     </span>
    </p>

    <p class='ocr_par' dir='ltr' id='par_1_11' title="bbox 426 1825 721 1885">
     <span class='ocr_line' id='line_1_16' title="bbox 426 1825 721 1885; baseline -0.014 0"><span class='ocrx_word' id='word_1_86' title='bbox 426 1829 479 1885; x_wconf 87' lang='grc'>565</span> <span class='ocrx_word' id='word_1_87' title='bbox 514 1825 597 1882; x_wconf 77' lang='grc' dir='ltr'><strong><em>οὐδὲν</em></strong></span> <span class='ocrx_word' id='word_1_88' title='bbox 614 1825 650 1882; x_wconf 79' lang='grc' dir='ltr'>ἄν</span> <span class='ocrx_word' id='word_1_89' title='bbox 667 1827 721 1882; x_wconf 91' lang='grc' dir='ltr'><strong>ΡΟ.</strong></span> 
     </span>
    </p>

    <p class='ocr_par' dir='ltr' id='par_1_12' title="bbox 426 1913 859 1982">
     <span class='ocr_line' id='line_1_17' title="bbox 426 1913 859 1982; baseline -0.009 -10"><span class='ocrx_word' id='word_1_90' title='bbox 426 1918 480 1973; x_wconf 86' lang='grc'>610</span> <span class='ocrx_word' id='word_1_91' title='bbox 515 1913 600 1982; x_wconf 76' lang='grc' dir='ltr'><strong><em>αὐτὴν</em></strong></span> <span class='ocrx_word' id='word_1_92' title='bbox 616 1917 680 1968; x_wconf 77' lang='grc' dir='ltr'><strong><em>καθ’</em></strong></span> <span class='ocrx_word' id='word_1_93' title='bbox 699 1913 788 1981; x_wconf 78' lang='grc' dir='ltr'><strong><em>αὐτὴν</em></strong></span> <span class='ocrx_word' id='word_1_94' title='bbox 805 1913 859 1968; x_wconf 89' lang='grc' dir='ltr'>ΡΟ.</span> 
     </span>
    </p>

    <p class='ocr_par' dir='ltr' id='par_1_13' title="bbox 427 1999 1000 2073">
     <span class='ocr_line' id='line_1_18' title="bbox 427 1999 1000 2073; baseline -0.009 -14"><span class='ocrx_word' id='word_1_95' title='bbox 427 2003 479 2059; x_wconf 92' lang='grc'>676</span> <span class='ocrx_word' id='word_1_96' title='bbox 515 1999 621 2073; x_wconf 80' lang='grc' dir='ltr'><strong><em>δάκρυα</em></strong></span> <span class='ocrx_word' id='word_1_97' title='bbox 639 2003 686 2054; x_wconf 78' lang='grc' dir='ltr'>καὶ</span> <span class='ocrx_word' id='word_1_98' title='bbox 702 1999 757 2056; x_wconf 90' lang='grc' dir='ltr'>ΡΟ.</span> <span class='ocrx_word' id='word_1_99' title='bbox 791 2001 846 2072; x_wconf 77' lang='grc' dir='ltr'>μὲν</span> <span class='ocrx_word' id='word_1_100' title='bbox 864 1999 1000 2055; x_wconf 85' lang='lat' dir='ltr'>inserite.</span> 
     </span>
    </p>

    <p class='ocr_par' dir='ltr' id='par_1_14' title="bbox 426 2086 1293 2241">
     <span class='ocr_line' id='line_1_19' title="bbox 426 2086 1293 2158; baseline -0.006 -14"><span class='ocrx_word' id='word_1_101' title='bbox 426 2089 477 2144; x_wconf 87' lang='grc'>677</span> <span class='ocrx_word' id='word_1_102' title='bbox 513 2092 679 2158; x_wconf 78' lang='grc' dir='ltr'><strong><em>στεναγμῶν</em></strong></span> <span class='ocrx_word' id='word_1_103' title='bbox 696 2088 719 2140; x_wconf 88' lang='grc' dir='ltr'>τ’</span> <span class='ocrx_word' id='word_1_104' title='bbox 738 2087 760 2141; x_wconf 93' lang='grc' dir='ltr'><strong>Ρ</strong></span> <span class='ocrx_word' id='word_1_105' title='bbox 780 2090 809 2143; x_wconf 88' lang='lat' dir='ltr'>et</span> <span class='ocrx_word' id='word_1_106' title='bbox 828 2087 850 2141; x_wconf 89' lang='grc' dir='ltr'><strong>Ο</strong></span> <span class='ocrx_word' id='word_1_107' title='bbox 867 2086 897 2140; x_wconf 89' lang='lat' dir='ltr'>in</span> <span class='ocrx_word' id='word_1_108' title='bbox 917 2103 969 2157; x_wconf 86' lang='lat' dir='ltr'>que</span> <span class='ocrx_word' id='word_1_109' title='bbox 988 2091 1011 2140; x_wconf 89' lang='grc' dir='ltr'>τ’</span> <span class='ocrx_word' id='word_1_110' title='bbox 1029 2103 1100 2142; x_wconf 88' lang='lat' dir='ltr'>nune</span> <span class='ocrx_word' id='word_1_111' title='bbox 1118 2101 1223 2142; x_wconf 80' lang='lat' dir='ltr'><strong>erasum</strong></span> <span class='ocrx_word' id='word_1_112' title='bbox 1243 2088 1293 2140; x_wconf 88' lang='lat' dir='ltr'>est.</span> 
     </span>
     <span class='ocr_line' id='line_1_20' title="bbox 427 2171 641 2241; baseline -0.033 -9"><span class='ocrx_word' id='word_1_113' title='bbox 427 2175 479 2232; x_wconf 89' lang='grc'>679</span> <span class='ocrx_word' id='word_1_114' title='bbox 515 2171 569 2241; x_wconf 77' lang='grc' dir='ltr'>ἤδη</span> <span class='ocrx_word' id='word_1_115' title='bbox 586 2172 641 2228; x_wconf 88' lang='grc' dir='ltr'>ΡΟ.</span> 
     </span>
    </p>

    <p class='ocr_par' dir='ltr' id='par_1_15' title="bbox 428 2258 1096 2332">
     <span class='ocr_line' id='line_1_21' title="bbox 428 2258 1096 2332; baseline 0 -18"><span class='ocrx_word' id='word_1_116' title='bbox 428 2263 479 2320; x_wconf 86' lang='grc'>681</span> <span class='ocrx_word' id='word_1_117' title='bbox 516 2260 633 2332; x_wconf 78' lang='grc' dir='ltr'><strong><em>ἔχρησας</em></strong></span> <span class='ocrx_word' id='word_1_118' title='bbox 650 2258 796 2331; x_wconf 77' lang='grc' dir='ltr'><strong><em>ὑμνοιῶλαν</em></strong></span> <span class='ocrx_word' id='word_1_119' title='bbox 813 2259 868 2315; x_wconf 90' lang='grc' dir='ltr'>ΡΟ.</span> <span class='ocrx_word' id='word_1_120' title='bbox 902 2264 942 2320; x_wconf 70' lang='grc' dir='ltr'>εἰς</span> <span class='ocrx_word' id='word_1_121' title='bbox 958 2260 1056 2315; x_wconf 86' lang='lat' dir='ltr'>inserit</span> <span class='ocrx_word' id='word_1_122' title='bbox 1073 2277 1096 2314; x_wconf 89' lang='grc' dir='ltr'><strong>ο.</strong></span> 
     </span>
    </p>
   </div>
   <div class='ocr_carea' id='block_1_6' title="bbox 426 2342 1616 2419">
    <p class='ocr_par' dir='ltr' id='par_1_16' title="bbox 426 2342 1616 2419">
     <span class='ocr_line' id='line_1_22' title="bbox 426 2342 1616 2419; baseline -0.008 -14"><span class='ocrx_word' id='word_1_123' title='bbox 426 2349 477 2406; x_wconf 87' lang='grc'>691</span> <span class='ocrx_word' id='word_1_124' title='bbox 513 2344 578 2402; x_wconf 82' lang='grc' dir='ltr'><strong><em>τόδε</em></strong></span> <span class='ocrx_word' id='word_1_125' title='bbox 595 2349 619 2400; x_wconf 88' lang='grc' dir='ltr'>τ’</span> <span class='ocrx_word' id='word_1_126' title='bbox 638 2345 752 2419; x_wconf 76' lang='grc' dir='ltr'><strong><em>εὔφημα</em></strong></span> <span class='ocrx_word' id='word_1_127' title='bbox 770 2346 816 2402; x_wconf 89' lang='grc' dir='ltr'>ΡΟ</span> <span class='ocrx_word' id='word_1_128' title='bbox 843 2350 906 2418; x_wconf 88' lang='lat' dir='ltr'>post</span> <span class='ocrx_word' id='word_1_129' title='bbox 928 2350 1104 2408; x_wconf 66' lang='lat' dir='ltr'>eorreeturem</span> <span class='ocrx_word' id='word_1_130' title='bbox 1132 2346 1197 2416; x_wconf 92' lang='lat' dir='ltr'>quid</span> <span class='ocrx_word' id='word_1_131' title='bbox 1218 2345 1344 2416; x_wconf 90' lang='lat' dir='ltr'>primitus</span> <span class='ocrx_word' id='word_1_132' title='bbox 1368 2343 1464 2408; x_wconf 81' lang='lat' dir='ltr'>fuerit,</span> <span class='ocrx_word' id='word_1_133' title='bbox 1487 2342 1587 2396; x_wconf 87' lang='lat' dir='ltr'>neseio.</span> <span class='ocrx_word' id='word_1_134' title='bbox 1611 2353 1616 2361; x_wconf 87' lang='lat'><em>&#39;</em></span> 
     </span>
    </p>
   </div>
   <div class='ocr_carea' id='block_1_7' title="bbox 424 2434 1583 3286">
    <p class='ocr_par' dir='ltr' id='par_1_17' title="bbox 424 2434 1583 3286">
     <span class='ocr_line' id='line_1_23' title="bbox 513 2434 754 2490; baseline 0.008 -2"><span class='ocrx_word' id='word_1_135' title='bbox 513 2435 578 2489; x_wconf 72' lang='lat' dir='ltr'>redd</span> <span class='ocrx_word' id='word_1_136' title='bbox 595 2437 657 2488; x_wconf 87' lang='grc' dir='ltr'><strong><em>ποτ’</em></strong></span> <span class='ocrx_word' id='word_1_137' title='bbox 675 2434 714 2488; x_wconf 79' lang='grc' dir='ltr'><strong>εὖ.</strong></span> <span class='ocrx_word' id='word_1_138' title='bbox 733 2451 754 2490; x_wconf 83' lang='lat' dir='ltr'>c.</span> 
     </span>
     <span class='ocr_line' id='line_1_24' title="bbox 426 2520 742 2593; baseline -0.013 -13"><span class='ocrx_word' id='word_1_139' title='bbox 426 2524 478 2580; x_wconf 86' lang='grc'>693</span> <span class='ocrx_word' id='word_1_140' title='bbox 514 2520 544 2585; x_wconf 71' lang='grc' dir='ltr'>ἐξ</span> <span class='ocrx_word' id='word_1_141' title='bbox 560 2520 614 2576; x_wconf 91' lang='grc' dir='ltr'>ΡΟ.</span> <span class='ocrx_word' id='word_1_142' title='bbox 651 2521 700 2593; x_wconf 78' lang='grc' dir='ltr'>ἀφ’</span> <span class='ocrx_word' id='word_1_143' title='bbox 719 2537 742 2576; x_wconf 86' lang='grc' dir='ltr'><strong>ο.</strong></span> 
     </span>
     <span class='ocr_line' id='line_1_25' title="bbox 424 2607 879 2666; baseline 0.002 -2"><span class='ocrx_word' id='word_1_144' title='bbox 424 2610 476 2666; x_wconf 88' lang='grc'>703</span> <span class='ocrx_word' id='word_1_145' title='bbox 514 2608 607 2663; x_wconf 76' lang='grc' dir='ltr'><strong><em>ὄλοιτο</em></strong></span> <span class='ocrx_word' id='word_1_146' title='bbox 624 2607 678 2663; x_wconf 91' lang='grc' dir='ltr'>ΡΟ.</span> <span class='ocrx_word' id='word_1_147' title='bbox 715 2607 802 2664; x_wconf 77' lang='grc' dir='ltr'><strong><em>ὄλοιτ’</em></strong></span> <span class='ocrx_word' id='word_1_148' title='bbox 819 2607 841 2664; x_wconf 80' lang='grc' dir='ltr'><em>ὦ</em></span> <span class='ocrx_word' id='word_1_149' title='bbox 857 2625 879 2665; x_wconf 81' lang='grc' dir='ltr'><strong>ο.</strong></span> 
     </span>
     <span class='ocr_line' id='line_1_26' title="bbox 425 2693 861 2753; baseline -0.002 -2"><span class='ocrx_word' id='word_1_150' title='bbox 425 2697 477 2753; x_wconf 87' lang='grc'>705</span> <span class='ocrx_word' id='word_1_151' title='bbox 512 2701 605 2749; x_wconf 76' lang='grc' dir='ltr'><strong><em>θεοῖσι</em></strong></span> <span class='ocrx_word' id='word_1_152' title='bbox 623 2693 676 2749; x_wconf 89' lang='grc' dir='ltr'>ΡΟ.</span> <span class='ocrx_word' id='word_1_153' title='bbox 713 2701 824 2749; x_wconf 76' lang='grc' dir='ltr'><strong><em>θεοῖσιν</em></strong></span> <span class='ocrx_word' id='word_1_154' title='bbox 839 2712 861 2750; x_wconf 82' lang='lat' dir='ltr'>e.</span> 
     </span>
     <span class='ocr_line' id='line_1_27' title="bbox 426 2777 1583 2852; baseline -0.005 -14"><span class='ocrx_word' id='word_1_155' title='bbox 426 2784 478 2840; x_wconf 89' lang='grc'>735</span> <span class='ocrx_word' id='word_1_156' title='bbox 512 2782 617 2837; x_wconf 87' lang='lat' dir='ltr'>eediees</span> <span class='ocrx_word' id='word_1_157' title='bbox 634 2781 676 2836; x_wconf 89' lang='lat' dir='ltr'>uti</span> <span class='ocrx_word' id='word_1_158' title='bbox 692 2781 722 2836; x_wconf 91' lang='lat' dir='ltr'>in</span> <span class='ocrx_word' id='word_1_159' title='bbox 741 2799 914 2850; x_wconf 78' lang='lat' dir='ltr'>personarum</span> <span class='ocrx_word' id='word_1_160' title='bbox 933 2782 1022 2837; x_wconf 80' lang='lat' dir='ltr'>indies</span> <span class='ocrx_word' id='word_1_161' title='bbox 1039 2782 1079 2836; x_wconf 82' lang='lat' dir='ltr'>its</span> <span class='ocrx_word' id='word_1_162' title='bbox 1095 2782 1139 2836; x_wconf 87' lang='lat' dir='ltr'>hie</span> <span class='ocrx_word' id='word_1_163' title='bbox 1158 2798 1263 2852; x_wconf 86' lang='lat' dir='ltr'>quoque</span> <span class='ocrx_word' id='word_1_164' title='bbox 1276 2777 1461 2850; x_wconf 78' lang='grc' dir='ltr'><strong><em>παιδαγωγόν</em></strong></span> <span class='ocrx_word' id='word_1_165' title='bbox 1474 2779 1583 2834; x_wconf 84' lang='lat' dir='ltr'>omnino</span> 
     </span>
     <span class='ocr_line' id='line_1_28' title="bbox 516 2857 1164 2942; baseline 0.005 -20"><span class='ocrx_word' id='word_1_166' title='bbox 516 2857 672 2940; x_wconf 76' lang='lat' dir='ltr'>ignorent&#39;</span> <span class='ocrx_word' id='word_1_167' title='bbox 689 2867 841 2942; x_wconf 76' lang='grc' dir='ltr'><strong><em>πρεσβύτης</em></strong></span> <span class='ocrx_word' id='word_1_168' title='bbox 858 2869 944 2939; x_wconf 86' lang='lat' dir='ltr'>igitur</span> <span class='ocrx_word' id='word_1_169' title='bbox 962 2869 1098 2924; x_wconf 84' lang='lat' dir='ltr'>voeendus</span> <span class='ocrx_word' id='word_1_170' title='bbox 1114 2872 1164 2925; x_wconf 87' lang='lat' dir='ltr'>est.</span> 
     </span>
     <span class='ocr_line' id='line_1_29' title="bbox 426 2955 1217 3024; baseline -0.003 -12"><span class='ocrx_word' id='word_1_171' title='bbox 426 2955 560 3012; x_wconf 82' lang='grc'>753-56</span> <span class='ocrx_word' id='word_1_172' title='bbox 596 2955 712 3010; x_wconf 80' lang='lat' dir='ltr'>lineolae</span> <span class='ocrx_word' id='word_1_173' title='bbox 730 2972 861 3024; x_wconf 75' lang='lat' dir='ltr'><strong>personas</strong></span> <span class='ocrx_word' id='word_1_174' title='bbox 878 2956 1031 3012; x_wconf 80' lang='lat' dir='ltr'>indicentes</span> <span class='ocrx_word' id='word_1_175' title='bbox 1049 2956 1148 3010; x_wconf 89' lang='lat' dir='ltr'>desunt</span> <span class='ocrx_word' id='word_1_176' title='bbox 1163 2955 1217 3010; x_wconf 89' lang='grc' dir='ltr'>ΡΟ.</span> 
     </span>
     <span class='ocr_line' id='line_1_30' title="bbox 427 3040 701 3101; baseline -0.011 -3"><span class='ocrx_word' id='word_1_177' title='bbox 427 3043 478 3100; x_wconf 87' lang='grc'>759</span> <span class='ocrx_word' id='word_1_178' title='bbox 514 3041 570 3096; x_wconf 80' lang='grc' dir='ltr'><strong><em>εἴπ’</em></strong></span> <span class='ocrx_word' id='word_1_179' title='bbox 590 3040 625 3101; x_wconf 77' lang='grc' dir='ltr'>ὡς</span> <span class='ocrx_word' id='word_1_180' title='bbox 648 3040 701 3096; x_wconf 91' lang='grc' dir='ltr'>ΡΟ.</span> 
     </span>
     <span class='ocr_line' id='line_1_31' title="bbox 428 3125 884 3198; baseline 0.004 -14"><span class='ocrx_word' id='word_1_181' title='bbox 428 3130 480 3185; x_wconf 88' lang='grc'>775</span> <span class='ocrx_word' id='word_1_182' title='bbox 517 3129 621 3198; x_wconf 80' lang='grc' dir='ltr'><strong><em>εὐτυχῶ</em></strong></span> <span class='ocrx_word' id='word_1_183' title='bbox 637 3126 692 3183; x_wconf 86' lang='grc' dir='ltr'>ΡΟ.</span> <span class='ocrx_word' id='word_1_184' title='bbox 729 3125 840 3198; x_wconf 80' lang='grc' dir='ltr'><strong><em>εὐτυχεῖ</em></strong></span> <span class='ocrx_word' id='word_1_185' title='bbox 858 3145 884 3198; x_wconf 87' lang='lat' dir='ltr'>p.</span> 
     </span>
     <span class='ocr_line' id='line_1_32' title="bbox 428 3211 888 3286; baseline 0 -16"><span class='ocrx_word' id='word_1_186' title='bbox 428 3216 480 3272; x_wconf 88' lang='grc'>785</span> <span class='ocrx_word' id='word_1_187' title='bbox 517 3219 578 3268; x_wconf 90' lang='grc' dir='ltr'>ΠΡ.</span> <span class='ocrx_word' id='word_1_188' title='bbox 596 3211 717 3286; x_wconf 69' lang='grc' dir='ltr'><strong><em>κᾶμοιγε</em></strong></span> <span class='ocrx_word' id='word_1_189' title='bbox 734 3219 817 3269; x_wconf 85' lang='grc' dir='ltr'><strong>ΚΡΕ.</strong></span> <span class='ocrx_word' id='word_1_190' title='bbox 835 3215 888 3270; x_wconf 89' lang='grc' dir='ltr'>ΡΟ.</span> 
     </span>
    </p>
   </div>
   <div class='ocr_carea' id='block_1_8' title="bbox 1292 2681 1305 2712">
    <p class='ocr_par' dir='ltr' id='par_1_18' title="bbox 1292 2681 1305 2712">
     <span class='ocr_line' id='line_1_33' title="bbox 1292 2681 1305 2712; baseline 0 0"><span class='ocrx_word' id='word_1_191' title='bbox 1292 2681 1305 2712; x_wconf 86' lang='grc' dir='ltr'><em>Ι</em></span> 
     </span>
    </p>
   </div>
   <div class='ocr_carea' id='block_1_9' title="bbox 375 3454 1594 4582">
    <p class='ocr_par' dir='ltr' id='par_1_19' title="bbox 375 3454 1594 4582">
     <span class='ocr_line' id='line_1_34' title="bbox 465 3454 1591 3526; baseline 0 -16"><span class='ocrx_word' id='word_1_192' title='bbox 465 3456 493 3520; x_wconf 91' lang='grc'>1)</span> <span class='ocrx_word' id='word_1_193' title='bbox 509 3454 562 3509; x_wconf 88' lang='lat' dir='ltr'>Hie</span> <span class='ocrx_word' id='word_1_194' title='bbox 578 3457 728 3524; x_wconf 73' lang='lat' dir='ltr'>temperare</span> <span class='ocrx_word' id='word_1_195' title='bbox 746 3455 814 3510; x_wconf 86' lang='lat' dir='ltr'>mihi</span> <span class='ocrx_word' id='word_1_196' title='bbox 831 3472 885 3510; x_wconf 88' lang='lat' dir='ltr'>nen</span> <span class='ocrx_word' id='word_1_197' title='bbox 906 3473 1032 3524; x_wconf 86' lang='lat' dir='ltr'>possum,</span> <span class='ocrx_word' id='word_1_198' title='bbox 1057 3457 1122 3526; x_wconf 90' lang='lat' dir='ltr'>quin</span> <span class='ocrx_word' id='word_1_199' title='bbox 1140 3457 1291 3526; x_wconf 83' lang='lat' dir='ltr'>paullulum</span> <span class='ocrx_word' id='word_1_200' title='bbox 1316 3456 1460 3525; x_wconf 80' lang='lat' dir='ltr'>digrediar.</span> <span class='ocrx_word' id='word_1_201' title='bbox 1480 3455 1532 3511; x_wconf 83' lang='lat'>449</span> <span class='ocrx_word' id='word_1_202' title='bbox 1551 3473 1591 3525; x_wconf 86' lang='lat' dir='ltr'>sq.</span> 
     </span>
     <span class='ocr_line' id='line_1_35' title="bbox 376 3541 1469 3618; baseline 0.001 -20"><span class='ocrx_word' id='word_1_203' title='bbox 376 3558 407 3598; x_wconf 88' lang='lat' dir='ltr'>ex</span> <span class='ocrx_word' id='word_1_204' title='bbox 425 3541 471 3598; x_wconf 90' lang='grc' dir='ltr'>ΡΟ</span> <span class='ocrx_word' id='word_1_205' title='bbox 490 3545 520 3598; x_wconf 88' lang='lat' dir='ltr'>et</span> <span class='ocrx_word' id='word_1_206' title='bbox 535 3541 642 3597; x_wconf 87' lang='lat' dir='ltr'>Iustino</span> <span class='ocrx_word' id='word_1_207' title='bbox 659 3544 778 3610; x_wconf 80' lang='lat' dir='ltr'>martyre</span> <span class='ocrx_word' id='word_1_208' title='bbox 797 3542 830 3597; x_wconf 92' lang='lat' dir='ltr'>de</span> <span class='ocrx_word' id='word_1_209' title='bbox 848 3544 985 3598; x_wconf 85' lang='lat' dir='ltr'>menereh.</span> <span class='ocrx_word' id='word_1_210' title='bbox 1001 3543 1024 3597; x_wconf 92' lang='lat' dir='ltr'>I.</span> <span class='ocrx_word' id='word_1_211' title='bbox 1046 3545 1097 3600; x_wconf 80' lang='lat'>128</span> <span class='ocrx_word' id='word_1_212' title='bbox 1114 3545 1154 3600; x_wconf 84' lang='lat' dir='ltr'>its</span> <span class='ocrx_word' id='word_1_213' title='bbox 1173 3545 1327 3600; x_wconf 82' lang='lat' dir='ltr'>scribuntur</span> <span class='ocrx_word' id='word_1_214' title='bbox 1465 3609 1469 3618; x_wconf 43' lang='lat'><em>,</em></span> 
     </span>
     <span class='ocr_line' id='line_1_36' title="bbox 551 3623 1575 3704; baseline 0.002 -20"><span class='ocrx_word' id='word_1_215' title='bbox 551 3623 554 3630; x_wconf 48' lang='lat'>¹</span> <span class='ocrx_word' id='word_1_216' title='bbox 775 3629 864 3684; x_wconf 72' lang='grc' dir='ltr'><strong><em>οὐκέτ’</em></strong></span> <span class='ocrx_word' id='word_1_217' title='bbox 884 3626 1055 3704; x_wconf 73' lang='grc' dir='ltr'><strong><em>ἀνθρώπους</em></strong></span> <span class='ocrx_word' id='word_1_218' title='bbox 1072 3631 1172 3691; x_wconf 79' lang='grc' dir='ltr'><strong><em>κακούς</em></strong></span> <span class='ocrx_word' id='word_1_219' title='bbox 1190 3631 1239 3700; x_wconf 81' lang='lat' dir='ltr'>(sic</span> <span class='ocrx_word' id='word_1_220' title='bbox 1256 3631 1392 3696; x_wconf 82' lang='lat' dir='ltr'>Iustinus,</span> <span class='ocrx_word' id='word_1_221' title='bbox 1410 3635 1500 3690; x_wconf 81' lang='grc' dir='ltr'><strong><em>κακῶς</em></strong></span> <span class='ocrx_word' id='word_1_222' title='bbox 1518 3629 1575 3700; x_wconf 87' lang='grc' dir='ltr'>ΡΟ)</span> 
     </span>
     <span class='ocr_line' id='line_1_37' title="bbox 570 3715 1244 3786; baseline 0 -15"><span class='ocrx_word' id='word_1_223' title='bbox 570 3716 625 3771; x_wconf 87' lang='grc'>450</span> <span class='ocrx_word' id='word_1_224' title='bbox 659 3717 752 3786; x_wconf 82' lang='grc' dir='ltr'><strong><em>λέγειν</em></strong></span> <span class='ocrx_word' id='word_1_225' title='bbox 770 3716 894 3782; x_wconf 75' lang='grc' dir='ltr'><strong><em>δίκαιον,</em></strong></span> <span class='ocrx_word' id='word_1_226' title='bbox 913 3721 939 3772; x_wconf 80' lang='grc' dir='ltr'>εἰ</span> <span class='ocrx_word' id='word_1_227' title='bbox 957 3715 991 3771; x_wconf 82' lang='grc' dir='ltr'>τὰ</span> <span class='ocrx_word' id='word_1_228' title='bbox 1007 3721 1064 3772; x_wconf 85' lang='grc' dir='ltr'>τῶν</span> <span class='ocrx_word' id='word_1_229' title='bbox 1080 3722 1156 3772; x_wconf 75' lang='grc' dir='ltr'><strong><em>θεῶν</em></strong></span> <span class='ocrx_word' id='word_1_230' title='bbox 1173 3717 1244 3772; x_wconf 79' lang='grc' dir='ltr'><strong><em>καλὰ</em></strong></span> 
     </span>
     <span class='ocr_line' id='line_1_38' title="bbox 655 3801 1281 3875; baseline 0.003 -19"><span class='ocrx_word' id='word_1_231' title='bbox 655 3801 814 3875; x_wconf 70' lang='grc' dir='ltr'><strong><em>μιμούμεθ’</em></strong></span> <span class='ocrx_word' id='word_1_232' title='bbox 833 3801 903 3857; x_wconf 76' lang='grc' dir='ltr'><strong><em>ἀλλὰ</em></strong></span> <span class='ocrx_word' id='word_1_233' title='bbox 924 3802 988 3864; x_wconf 82' lang='grc' dir='ltr'><strong><em>τοὺς</em></strong></span> <span class='ocrx_word' id='word_1_234' title='bbox 1002 3802 1187 3866; x_wconf 74' lang='grc' dir='ltr'><strong><em>διδάσκοντας</em></strong></span> <span class='ocrx_word' id='word_1_235' title='bbox 1204 3805 1281 3858; x_wconf 71' lang='grc' dir='ltr'><strong>τάδε.</strong></span> 
     </span>
     <span class='ocr_line' id='line_1_39' title="bbox 375 3889 1594 3962; baseline -0.002 -17"><span class='ocrx_word' id='word_1_236' title='bbox 375 3893 439 3962; x_wconf 88' lang='lat' dir='ltr'>post</span> <span class='ocrx_word' id='word_1_237' title='bbox 456 3889 623 3960; x_wconf 78' lang='lat' dir='ltr'>Stephanum</span> <span class='ocrx_word' id='word_1_238' title='bbox 637 3889 691 3946; x_wconf 89' lang='grc'>450</span> <span class='ocrx_word' id='word_1_239' title='bbox 708 3889 779 3944; x_wconf 79' lang='grc' dir='ltr'><strong><em>κακά</em></strong></span> <span class='ocrx_word' id='word_1_240' title='bbox 799 3890 938 3955; x_wconf 75' lang='lat' dir='ltr'>scribitur,</span> <span class='ocrx_word' id='word_1_241' title='bbox 962 3891 1077 3956; x_wconf 82' lang='lat' dir='ltr'>iniuria,</span> <span class='ocrx_word' id='word_1_242' title='bbox 1100 3893 1132 3946; x_wconf 92' lang='lat' dir='ltr'>ut</span> <span class='ocrx_word' id='word_1_243' title='bbox 1155 3891 1223 3946; x_wconf 92' lang='lat' dir='ltr'>mihi</span> <span class='ocrx_word' id='word_1_244' title='bbox 1246 3892 1354 3962; x_wconf 85' lang='lat' dir='ltr'>quidem</span> <span class='ocrx_word' id='word_1_245' title='bbox 1377 3891 1491 3948; x_wconf 81' lang='lat' dir='ltr'>videtur.</span> <span class='ocrx_word' id='word_1_246' title='bbox 1527 3889 1594 3944; x_wconf 83' lang='lat' dir='ltr'>dicit</span> 
     </span>
     <span class='ocr_line' id='line_1_40' title="bbox 376 3976 1593 4051; baseline -0.002 -18"><span class='ocrx_word' id='word_1_247' title='bbox 376 3977 448 4034; x_wconf 87' lang='lat' dir='ltr'>enim</span> <span class='ocrx_word' id='word_1_248' title='bbox 464 3976 608 4051; x_wconf 81' lang='lat' dir='ltr'>Euripides</span> <span class='ocrx_word' id='word_1_249' title='bbox 627 3977 724 4032; x_wconf 84' lang='lat' dir='ltr'>eeerbs</span> <span class='ocrx_word' id='word_1_250' title='bbox 741 3979 772 4032; x_wconf 81' lang='lat' dir='ltr'>st</span> <span class='ocrx_word' id='word_1_251' title='bbox 787 3993 956 4048; x_wconf 79' lang='lat' dir='ltr'>nequaquem</span> <span class='ocrx_word' id='word_1_252' title='bbox 974 3977 1086 4034; x_wconf 76' lang='lat' dir='ltr'>obseura</span> <span class='ocrx_word' id='word_1_253' title='bbox 1103 3978 1190 4034; x_wconf 84' lang='lat' dir='ltr'>ironia</span> <span class='ocrx_word' id='word_1_254' title='bbox 1216 3978 1338 4034; x_wconf 89' lang='lat' dir='ltr'>hemines</span> <span class='ocrx_word' id='word_1_255' title='bbox 1357 3979 1443 4034; x_wconf 84' lang='lat' dir='ltr'>melos</span> <span class='ocrx_word' id='word_1_256' title='bbox 1460 3995 1514 4032; x_wconf 88' lang='lat' dir='ltr'>uon</span> <span class='ocrx_word' id='word_1_257' title='bbox 1533 3993 1593 4032; x_wconf 87' lang='lat' dir='ltr'>esse</span> 
     </span>
     <span class='ocr_line' id='line_1_41' title="bbox 377 4063 1593 4136; baseline -0.001 -18"><span class='ocrx_word' id='word_1_258' title='bbox 377 4063 526 4134; x_wconf 59' lang='lat' dir='ltr'>secundos,</span> <span class='ocrx_word' id='word_1_259' title='bbox 551 4064 598 4134; x_wconf 85' lang='lat' dir='ltr'>qui</span> <span class='ocrx_word' id='word_1_260' title='bbox 621 4079 653 4118; x_wconf 85' lang='lat' dir='ltr'>ee</span> <span class='ocrx_word' id='word_1_261' title='bbox 676 4064 830 4127; x_wconf 80' lang='lat' dir='ltr'>imitentur,</span> <span class='ocrx_word' id='word_1_262' title='bbox 855 4081 924 4134; x_wconf 80' lang='lat' dir='ltr'>quse</span> <span class='ocrx_word' id='word_1_263' title='bbox 946 4065 1019 4136; x_wconf 79' lang='lat' dir='ltr'>apud</span> <span class='ocrx_word' id='word_1_264' title='bbox 1041 4064 1105 4120; x_wconf 88' lang='lat' dir='ltr'>deos</span> <span class='ocrx_word' id='word_1_265' title='bbox 1123 4066 1194 4121; x_wconf 87' lang='lat' dir='ltr'>bons</span> <span class='ocrx_word' id='word_1_266' title='bbox 1211 4065 1275 4122; x_wconf 86' lang='lat' dir='ltr'>siut.</span> <span class='ocrx_word' id='word_1_267' title='bbox 1310 4066 1374 4122; x_wconf 90' lang='lat' dir='ltr'>utut</span> <span class='ocrx_word' id='word_1_268' title='bbox 1392 4065 1443 4120; x_wconf 87' lang='lat' dir='ltr'>hee</span> <span class='ocrx_word' id='word_1_269' title='bbox 1462 4067 1519 4129; x_wconf 86' lang='lat' dir='ltr'>est,</span> <span class='ocrx_word' id='word_1_270' title='bbox 1543 4063 1593 4117; x_wconf 88' lang='lat' dir='ltr'>hos</span> 
     </span>
     <span class='ocr_line' id='line_1_42' title="bbox 376 4150 1593 4222; baseline 0 -16"><span class='ocrx_word' id='word_1_271' title='bbox 376 4167 469 4207; x_wconf 86' lang='lat' dir='ltr'>versus</span> <span class='ocrx_word' id='word_1_272' title='bbox 487 4150 529 4208; x_wconf 82' lang='lat' dir='ltr'>ite</span> <span class='ocrx_word' id='word_1_273' title='bbox 545 4151 661 4220; x_wconf 79' lang='lat' dir='ltr'>scriptos</span> <span class='ocrx_word' id='word_1_274' title='bbox 681 4168 697 4206; x_wconf 82' lang='grc' dir='ltr'><strong><em>ε</em></strong></span> <span class='ocrx_word' id='word_1_275' title='bbox 710 4151 814 4207; x_wconf 84' lang='lat' dir='ltr'>Iustino</span> <span class='ocrx_word' id='word_1_276' title='bbox 827 4153 876 4206; x_wconf 89' lang='lat' dir='ltr'>eut</span> <span class='ocrx_word' id='word_1_277' title='bbox 888 4168 905 4208; x_wconf 80' lang='lat' dir='ltr'><strong>a</strong></span> <span class='ocrx_word' id='word_1_278' title='bbox 916 4152 1017 4208; x_wconf 90' lang='lat' dir='ltr'>Iustini</span> <span class='ocrx_word' id='word_1_279' title='bbox 1029 4153 1194 4222; x_wconf 82' lang='lat' dir='ltr'>eenpiletore</span> <span class='ocrx_word' id='word_1_280' title='bbox 1210 4155 1349 4222; x_wconf 78' lang='lat' dir='ltr'>eeeeperet</span> <span class='ocrx_word' id='word_1_281' title='bbox 1360 4153 1518 4210; x_wconf 70' lang='lat' dir='ltr'>Lactantius</span> <span class='ocrx_word' id='word_1_282' title='bbox 1532 4167 1593 4206; x_wconf 84' lang='lat' dir='ltr'>uum</span> 
     </span>
     <span class='ocr_line' id='line_1_43' title="bbox 375 4237 1592 4310; baseline -0.001 -16"><span class='ocrx_word' id='word_1_283' title='bbox 375 4237 533 4308; x_wconf 79' lang='lat' dir='ltr'>Euripidem</span> <span class='ocrx_word' id='word_1_284' title='bbox 554 4237 710 4294; x_wconf 79' lang='lat' dir='ltr'>verissimae</span> <span class='ocrx_word' id='word_1_285' title='bbox 738 4239 889 4294; x_wconf 80' lang='lat' dir='ltr'>sententiae</span> <span class='ocrx_word' id='word_1_286' title='bbox 915 4241 1013 4295; x_wconf 87' lang='lat' dir='ltr'>testem</span> <span class='ocrx_word' id='word_1_287' title='bbox 1039 4239 1166 4294; x_wconf 73' lang='lat' dir='ltr'>excitavit</span> <span class='ocrx_word' id='word_1_288' title='bbox 1191 4255 1283 4310; x_wconf 78' lang='lat' dir='ltr'>„quae</span> <span class='ocrx_word' id='word_1_289' title='bbox 1301 4238 1435 4295; x_wconf 76' lang='lat' dir='ltr'>hiemale</span> <span class='ocrx_word' id='word_1_290' title='bbox 1452 4241 1592 4309; x_wconf 85' lang='lat' dir='ltr'>putentur,</span> 
     </span>
     <span class='ocr_line' id='line_1_44' title="bbox 377 4325 1594 4398; baseline -0.001 -18"><span class='ocrx_word' id='word_1_291' title='bbox 377 4325 444 4380; x_wconf 80' lang='lat' dir='ltr'>hese</span> <span class='ocrx_word' id='word_1_292' title='bbox 460 4327 525 4380; x_wconf 89' lang='lat' dir='ltr'>sunt</span> <span class='ocrx_word' id='word_1_293' title='bbox 541 4325 571 4379; x_wconf 89' lang='lat' dir='ltr'>iu</span> <span class='ocrx_word' id='word_1_294' title='bbox 588 4325 663 4380; x_wconf 78' lang='lat' dir='ltr'>eaelo</span> <span class='ocrx_word' id='word_1_295' title='bbox 680 4325 777 4380; x_wconf 72' lang='lat' dir='ltr'>bene“</span> <span class='ocrx_word' id='word_1_296' title='bbox 806 4325 884 4394; x_wconf 90' lang='lat' dir='ltr'>(Inst.</span> <span class='ocrx_word' id='word_1_297' title='bbox 902 4327 935 4380; x_wconf 88' lang='lat' dir='ltr'>V.</span> <span class='ocrx_word' id='word_1_298' title='bbox 952 4328 992 4383; x_wconf 88' lang='lat'>15.</span> <span class='ocrx_word' id='word_1_299' title='bbox 1012 4327 1057 4383; x_wconf 88' lang='lat' dir='ltr'>lll</span> <span class='ocrx_word' id='word_1_300' title='bbox 1076 4325 1219 4382; x_wconf 87' lang='lat' dir='ltr'>delendum</span> <span class='ocrx_word' id='word_1_301' title='bbox 1231 4326 1316 4396; x_wconf 73' lang='lat' dir='ltr'>igitur</span> <span class='ocrx_word' id='word_1_302' title='bbox 1327 4326 1510 4398; x_wconf 71' lang='lat' dir='ltr'>fragmentum</span> <span class='ocrx_word' id='word_1_303' title='bbox 1522 4325 1594 4396; x_wconf 88' lang='lat' dir='ltr'>qued</span> 
     </span>
     <span class='ocr_line' id='line_1_45' title="bbox 377 4410 1593 4484; baseline -0.002 -18"><span class='ocrx_word' id='word_1_304' title='bbox 377 4411 449 4466; x_wconf 88' lang='lat' dir='ltr'>inter</span> <span class='ocrx_word' id='word_1_305' title='bbox 468 4410 551 4468; x_wconf 79' lang='lat' dir='ltr'>dubis</span> <span class='ocrx_word' id='word_1_306' title='bbox 568 4413 661 4482; x_wconf 81' lang='lat' dir='ltr'>posuit</span> <span class='ocrx_word' id='word_1_307' title='bbox 675 4411 814 4468; x_wconf 82' lang='lat' dir='ltr'>Neueldus</span> <span class='ocrx_word' id='word_1_308' title='bbox 833 4414 909 4469; x_wconf 89' lang='grc'><strong>1100.</strong></span> <span class='ocrx_word' id='word_1_309' title='bbox 928 4416 1030 4468; x_wconf 82' lang='lat' dir='ltr'>utnon</span> <span class='ocrx_word' id='word_1_310' title='bbox 1048 4414 1106 4468; x_wconf 87' lang='lat' dir='ltr'>sine</span> <span class='ocrx_word' id='word_1_311' title='bbox 1124 4413 1222 4482; x_wconf 78' lang='lat' dir='ltr'>gaudio</span> <span class='ocrx_word' id='word_1_312' title='bbox 1239 4415 1329 4484; x_wconf 81' lang='lat' dir='ltr'>leges,</span> <span class='ocrx_word' id='word_1_313' title='bbox 1349 4429 1428 4484; x_wconf 92' lang='lat' dir='ltr'>quem</span> <span class='ocrx_word' id='word_1_314' title='bbox 1445 4413 1474 4468; x_wconf 94' lang='lat' dir='ltr'>in</span> <span class='ocrx_word' id='word_1_315' title='bbox 1486 4414 1593 4471; x_wconf 85' lang='lat' dir='ltr'>modum</span> 
     </span>
     <span class='ocr_line' id='line_1_46' title="bbox 378 4498 1594 4582; baseline 0 -28"><span class='ocrx_word' id='word_1_316' title='bbox 378 4498 567 4556; x_wconf 75' lang='lat' dir='ltr'>sanctissimus</span> <span class='ocrx_word' id='word_1_317' title='bbox 591 4499 670 4560; x_wconf 82' lang='lat' dir='ltr'>home</span> <span class='ocrx_word' id='word_1_318' title='bbox 695 4499 745 4564; x_wconf 78' lang='lat' dir='ltr'>hoe</span> <span class='ocrx_word' id='word_1_319' title='bbox 762 4515 842 4565; x_wconf 74' lang='lat' dir='ltr'>uersu</span> <span class='ocrx_word' id='word_1_320' title='bbox 859 4516 924 4565; x_wconf 79' lang='lat' dir='ltr'>usus</span> <span class='ocrx_word' id='word_1_321' title='bbox 943 4501 991 4566; x_wconf 79' lang='lat' dir='ltr'>sit,</span> <span class='ocrx_word' id='word_1_322' title='bbox 1019 4517 1072 4576; x_wconf 88' lang='lat' dir='ltr'>que</span> <span class='ocrx_word' id='word_1_323' title='bbox 1090 4500 1134 4562; x_wconf 71' lang='lat' dir='ltr'>uel</span> <span class='ocrx_word' id='word_1_324' title='bbox 1152 4500 1295 4574; x_wconf 77' lang='lat' dir='ltr'>Euripides</span> <span class='ocrx_word' id='word_1_325' title='bbox 1311 4500 1355 4559; x_wconf 75' lang='lat' dir='ltr'>six</span> <span class='ocrx_word' id='word_1_326' title='bbox 1373 4500 1488 4582; x_wconf 80' lang='lat' dir='ltr'>pretulit</span> <span class='ocrx_word' id='word_1_327' title='bbox 1505 4499 1594 4582; x_wconf 72' lang='lat' dir='ltr'>magis</span> 
     </span>
    </p>
   </div>
   <div class='ocr_carea' id='block_1_10' title="bbox 378 4586 490 4676">
    <p class='ocr_par' dir='ltr' id='par_1_20' title="bbox 378 4586 490 4676">
     <span class='ocr_line' id='line_1_47' title="bbox 378 4586 490 4676; baseline -0.045 -17"><span class='ocrx_word' id='word_1_328' title='bbox 378 4586 490 4676; x_wconf 71' lang='lat' dir='ltr'>inpium</span> 
     </span>
    </p>
   </div>
   <div class='ocr_carea' id='block_1_11' title="bbox 0 0 1807 5284">
    <p class='ocr_par' dir='ltr' id='par_1_21' title="bbox 0 0 1807 5284">
     <span class='ocr_line' id='line_1_48' title="bbox 0 0 1807 5284; baseline 0 0"><span class='ocrx_word' id='word_1_329' title='bbox 0 0 1807 5284; x_wconf 95' lang='lat' dir='ltr'> </span> 
     </span>
    </p>
   </div>
  </div>
 </body>
</html>
