3666 5296
808 417 844 472 11.
863 417 888 471 3.
1405 410 1458 466 169

242 583 325 668 lapis
348 583 470 672 (Zoega
491 588 604 654 bassin
625 589 665 654 Π.
691 586 769 674 103)
799 588 946 654 iuvenem
974 588 1007 654 in
1037 607 1115 654 saxo
1137 586 1316 671 sedentem,
1341 585 1392 651 oui
1418 583 1461 650 ad

245 688 392 756 dextram
407 692 490 758 alter
507 693 631 759 iuvenis
646 693 760 758 baculo
774 693 895 760 innisus
912 692 1035 777 adstat,
1057 692 1200 777 corporis
1214 691 1324 756 habitu
1342 691 1461 756 luctum

244 793 356 860 salutis
378 796 521 862 nescium
550 795 727 880 referente,
756 802 790 862 at
810 817 831 862 a
853 797 982 862 sinistra
1003 796 1173 862 intervenit
1194 795 1348 860 Hercules
1369 794 1461 858 firmo

244 905 276 964 et
297 897 425 981 placido
446 899 537 965 oculo
560 899 604 980 ad
624 901 772 966 iuvenem
787 899 953 966 sedentem
967 919 1148 966 conversus.
1185 900 1231 964 ita
1246 898 1353 964 decuit
1372 917 1461 964 seve·

243 1001 359 1066 riorcm
392 1008 494 1068 amem
529 1002 739 1069 Pirithoum
772 1005 936 1069 solutum
965 1004 1093 1088 fingere.
1146 992 1273 1086 quando
1301 1002 1385 1068 enim
1412 1021 1461 1085 ca,

243 1125 326 1188 quae
361 1125 402 1172 ex
423 1105 601 1191 Byzantino
634 1107 696 1172 situ
724 1107 819 1174 modo
849 1108 1076 1192 protraximus,
1110 1108 1163 1173 vel
1192 1106 1283 1191 pueri
1310 1105 1461 1189 sciebant,

242 1207 403 1276 Pirithous
435 1230 474 1276 eo
501 1208 586 1293 qnod
614 1210 719 1296 sedet,
752 1210 897 1278 Theseus
924 1231 962 1277 eo
993 1209 1079 1294 quod
1107 1217 1171 1278 stat
1193 1211 1271 1277 satis
1294 1208 1463 1292 significati

243 1317 343 1378 erant.
387 1314 492 1380 locum
524 1321 631 1380 autmr
660 1315 803 1400 pluribus
833 1335 929 1398 quam
957 1335 1051 1400 saxo,
1085 1317 1135 1381 cui
1157 1315 1317 1381 Pirithous
1345 1312 1464 1378 insidet
1554 1365 1555 1368 ,

242 1435 302 1501 pro
337 1418 415 1484 artis
444 1418 571 1502 legibus
608 1419 789 1501 aetatisque
818 1419 1046 1486 consuetudine
1076 1418 1192 1485 artifex
1220 1417 1400 1502 significare
1422 1436 1463 1482 ne

242 1525 370 1606 poterat
384 1521 527 1606 quidem,
550 1541 654 1605 neque
674 1523 778 1607 magis
794 1522 938 1589 adlectus
954 1523 1272 1609 perturbationesque
1287 1521 1463 1587 animorum

243 1623 408 1692 lenociniis
438 1625 582 1710 picturae
605 1611 743 1711 propriis
765 1627 926 1693 extollere.
972 1633 1006 1692 at
1027 1628 1165 1712 etiamsi,
1189 1625 1266 1710 quid
1282 1625 1367 1709 dico,
1387 1624 1462 1708 quia

243 1728 285 1793 ab
306 1728 371 1794 illis
393 1728 618 1796 blandimentis
642 1731 810 1815 abstinuit,
834 1750 914 1815 opus
937 1730 1057 1815 effecit,
1078 1751 1119 1796 cx
1142 1749 1205 1814 qno
1227 1749 1338 1795 verum
1353 1734 1386 1793 et
1401 1728 1462 1794 sin-

245 1851 353 1898 cerum
375 1823 462 1919 ἦθος
488 1834 611 1918 spirare
635 1833 690 1899 diu
717 1839 791 1900 ante
818 1835 972 1900 sentimus
1002 1854 1098 1917 quam
1124 1837 1232 1915 praev
1259 1831 1461 1918 perspexeri-

245 1955 324 2003 mus.
369 1942 403 2002 at
424 1937 532 2004 hercle
553 1957 618 2002 non
639 1939 671 2003 in
695 1938 864 2021 tragoedia
883 1944 1005 2003 tantum
1026 1939 1090 2003 imo
1113 1939 1146 2003 in
1165 1938 1250 2004 omni
1269 1941 1338 2002 arte
1357 1938 1464 2017 μῦθος

246 2040 383 2125 primum
416 2046 467 2106 est
499 2047 531 2106 et
557 2041 649 2124 quasi
680 2048 775 2126 caput
801 2042 923 2126 operis:
962 2061 1057 2124 quem
1084 2040 1280 2106 inPirithoo
1309 2041 1406 2124 plane
1432 2045 1464 2117 et

244 2142 420 2228 prudenter
441 2143 630 2229 dispositum
651 2146 737 2211 clare
760 2151 793 2212 et
814 2145 963 2216 distincte
985 2146 1160 2213 exhibitum
1181 2163 1254 2210 esse
1270 2142 1463 2209 confidenter

245 2249 430 2333 pronuntio,
463 2268 523 2314 nec
555 2269 684 2334 vereor,
717 2269 758 2315 ne
781 2249 1002 2332 intellegentes
1030 2250 1263 2316 existimatores
1290 2245 1466 2313 oblocuturi

134 2359 138 2368 '
247 2351 317 2417 sint
354 2351 502 2417 nimirum
518 2352 675 2419 Hereules
698 2373 736 2419 eo
758 2353 829 2438 ipso
852 2353 938 2436 quod
959 2373 1113 2438 praesens
1129 2359 1178 2418 est
1194 2350 1352 2417 Graecum
1367 2350 1465 2416 honri·

247 2474 321 2521 nem
350 2454 496 2521 dubitare
525 2475 589 2522 nou
617 2457 705 2541 sinit,
739 2457 815 2540 quin
842 2477 925 2540 quae
954 2457 1033 2523 velit
1059 2463 1131 2522 rata
1158 2456 1234 2539 sint,
1269 2475 1333 2520 non
1359 2455 1463 2519 minus

247 2577 343 2642 quam
371 2559 404 2624 in
428 2557 556 2646 Orpheo
579 2559 764 2626 Mercurius.
777 2559 819 2648 ²⁰)
869 2560 955 2643 quod
978 2559 1195 2647 anaglyphum
1222 2578 1293 2625 cum
1322 2557 1464 2623 Pirithoo

248 2800 324 2863 sunt,
342 2801 374 2852 ut
391 2799 467 2853 cuius
486 2801 556 2866 sint,
575 2815 630 2854 non
648 2799 785 2868 adpareat.
823 2800 870 2870 qui
894 2800 923 2854 in
942 2799 1146 2869 interpretando
1163 2816 1180 2854 a
1197 2800 1299 2855 talibus
1317 2796 1463 2868 proficisci·

247 2887 304 2949 tur,
330 2902 362 2939 ex
388 2885 569 2954 conpilatione
589 2901 676 2956 genus
697 2885 830 2940 scribendi
848 2887 988 2955 scriptoris
1007 2887 1144 2942 delineare
1162 2887 1250 2956 eupit:
1268 2888 1363 2941 cantus
1380 2885 1464 2938 inter-

247 2987 309 3040 pres
334 2975 393 3027 tum
415 2989 522 3043 quoque
537 2971 699 3037 abstinebit,
722 2989 783 3027 cum
806 2989 939 3028 summam
957 2989 1049 3028 eorum
1067 2990 1135 3044 quae
1154 2977 1248 3029 auctor
1265 2971 1388 3028 exhibuit
1405 2987 1466 3039 per-

248 3059 373 3128 spexerit.

336 3163 381 3232 10)
399 3161 477 3216 Nihil
496 3161 531 3216 ad
548 3178 617 3230 rem,
636 3162 708 3232 quod
725 3179 789 3227 nos,
808 3162 917 3218 fabulae
934 3163 1037 3232 ignari,
1056 3163 1103 3218 diu
1120 3181 1174 3219 non
1185 3162 1376 3226 intelleximus,
1397 3159 1463 3230 quid

249 3247 347 3302 artifex
365 3248 497 3313 volucrit,
515 3265 578 3303 nam
596 3249 640 3304 rel
658 3249 705 3319 qui
723 3249 820 3317 figuris
837 3267 901 3304 vora
918 3251 1028 3304 nomina
1046 3251 1134 3315 dedit,
1156 3250 1187 3304 Ε.
1204 3250 1367 3305 Petersenus
1386 3245 1464 3301 Arch.

249 3333 517 3403 intersecante
545 3333 578 3389 de
605 3334 692 3406 μύθῳ
714 3346 771 3390 'non
797 3335 887 3389 minus
912 3353 991 3405 quam
1016 3335 1049 3392 de
1071 3335 1136 3403 ἤθει
1164 3337 1276 3390 mirifice
1302 3336 1395 3402 lapsus
1414 3337 1465 3389 est.

249 3437 417 3491 nequaquam
439 3419 526 3488 igitur
542 3421 584 3475 W.
603 3422 747 3491 Helbigius
770 3421 875 3490 (Camp.
895 3423 1019 3477 Wandm.
1038 3423 1084 3491 19)
1106 3421 1242 3491 Orpheum
1261 3420 1465 3489 Pirithoumque

248 3507 404 3562 testimonia
428 3523 512 3576 eaque
537 3507 617 3562 unica
640 3507 744 3562 adferre
774 3507 890 3562 debebat
916 3508 1064 3576 opinionis,
1092 3524 1146 3578 qua
1168 3508 1334 3577 antiquiores
1358 3523 1464 3576 quoquc

248 3593 366 3648 artifices
392 3593 487 3662 (saeco.
507 3593 533 3646 V
550 3595 578 3648 et
592 3593 641 3662 IV)
669 3610 776 3648 curasse
799 3596 945 3664 negantur,
973 3597 1005 3647 ut
1025 3595 1128 3663 figuras
1153 3595 1234 3649 certis
1259 3597 1288 3649 st
1313 3593 1466 3648 manifestis

250 3679 336 3750 signis
355 3679 498 3734 distinctas
516 3682 704 3749 proponerent.
740 3697 806 3734 num
822 3680 961 3750 reputavit
978 3681 1037 3747 ille,
1060 3681 1110 3735 hoe
1128 3681 1231 3736 iactum
1250 3698 1309 3736 csso
1326 3682 1468 3749 propterea

250 3765 320 3835 quod
342 3765 473 3821 indicium
492 3765 579 3820 causis
596 3767 625 3819 in
644 3769 754 3820 externo
773 3767 987 3836 anaglyphorum
1005 3765 1101 3821 habitu
1120 3768 1217 3836 positis
1235 3785 1290 3822 non
1306 3784 1380 3821 more
1399 3783 1465 3835 quo-

249 3851 311 3906 dam
329 3852 395 3906 artis
413 3851 555 3906 severioris
572 3851 779 3907 obcaecaretur?
815 3869 930 3908 errorem
949 3855 1044 3907 natum
1063 3869 1122 3909 esre
1140 3854 1169 3906 in
1181 3854 1288 3922 Orpheo
1307 3869 1355 3922 per
1373 3867 1463 3907 ernen-

248 3937 315 3992 titas
333 3939 503 3994 monumenti
520 3939 639 3993 Parisini
657 3938 846 4008 inscriptiones
866 3940 1040 4009 (quamquam
1056 3955 1135 3994 verae
1148 3957 1253 4009 quoque
1266 3939 1382 4009 exempli
1393 3939 1466 3994 Nea·

248 4024 365 4092 politani
382 4025 503 4093 proximo
522 4023 630 4080 demum
647 4025 752 4080 saeculo
776 4025 929 4094 insculptae
946 4027 1083 4096 videntur)
1106 4027 1136 4081 in
1153 4026 1276 4081 Pirithoo
1296 4041 1344 4094 per
1362 4025 1467 4080 novicia

250 4110 347 4165 Thesei
369 4110 538 4180 Pirithoique
561 4111 671 4180 capita?
713 4115 807 4166 eontra
828 4112 1009 4167 certissimum
1032 4116 1088 4179 est,
1121 4113 1284 4183 ubicumque
1309 4113 1343 4167 ab
1364 4112 1468 4166 artifice

249 4195 309 4266 ipso
333 4197 432 4252 incerti
454 4197 583 4266 quiddam
599 4199 723 4251 relictum
743 4200 797 4263 est,
820 4213 907 4252 seram
927 4201 955 4253 et
971 4200 1119 4254 Romanam
1137 4200 1216 4268 prodi
1235 4199 1376 4270 originem.
1412 4189 1478 4252 non'

249 4281 334 4337 solam
359 4283 419 4338 dico
436 4284 555 4338 Menelai
578 4285 652 4352 piam
676 4282 809 4355 ὀαριστύν
834 4285 921 4352 (decet
943 4286 1103 4353 pulcerrimo
1128 4287 1200 4356 quod
1218 4286 1368 4341 Kelruleius
1386 4285 1466 4339 resti·

248 4367 303 4422 tuit
328 4369 437 4424 nomine
463 4370 517 4433 uti;
546 4369 741 4424 recentissimis
766 4371 885 4424 inventis
914 4373 1006 4424 utrum
1031 4372 1209 4427 absurditatis
1232 4389 1266 4427 an
1291 4371 1467 4442 inpudentiae

249 4453 310 4522 plus
328 4455 411 4520 insit,
432 4455 544 4510 rideant
562 4457 621 4525 alii)
649 4459 738 4510 totum
755 4454 947 4512 Pasiteliorum
964 4473 1075 4527 gregem
1092 4459 1151 4514 dico
1170 4459 1199 4512 in
1219 4457 1277 4513 dies
1294 4460 1467 4513 crescentem.

249 4555 312 4594 uam
339 4539 405 4615 quid
430 4557 529 4611 quaeso
547 4541 679 4597 Pasitelio
704 4543 752 4598 illo
771 4542 879 4598 nomine
899 4541 1078 4613 designatur?
1113 4561 1178 4600 num
1198 4545 1291 4600 eadem
1310 4561 1342 4600 er
1360 4544 1470 4602 officina
