3626 5288
812 423 849 478 II.
867 425 892 478 1.
1409 421 1459 478 137

242 596 310 660 noti
335 601 407 662 octo
437 595 619 679 tragoedias
647 614 704 661 000
735 593 845 660 001100
868 559 1042 680 dispositas
1065 594 1286 678 conplectitur,
1316 592 1460 658 alterae

244 699 379 765 Bacchis
411 719 513 782 usque
547 698 589 763 ad
615 697 798 782 Iphigeniae
820 697 1202 787 001111011010111011100
1226 697 1458 780 (11001010001.
1502 718 1527 746 *s*

245 802 399 886 obstrepit
420 803 486 886 legi
509 801 661 886 Cyclops,
684 807 719 867 ut
737 802 813 867 casu
836 807 868 866 01
890 821 998 866 errore
1015 801 1047 866 in
1061 802 1158 867 istum
1172 801 1276 866 locum
1291 799 1460 864 devenisse
1511 848 1516 899 ;
1550 802 1580 874 ‚²7

244 905 388 990 putanda
411 907 460 971 sit.
505 911 539 970 at
568 911 688 990 quanta
709 904 790 970 fides
810 905 949 970 numeris
973 904 1142 988 adscriptis
1166 902 1312 968 habenda
1336 903 1389 986 sit,
1412 895 1461 967 *cx
1545 899 1561 922 ³·

247 1029 353 1076 errore
375 1008 513 1075 fideliter
535 1029 688 1094 expresso
710 1009 848 1074 maxime
871 1009 983 1072 elucet.
1020 1028 1095 1072 num
1117 1027 1194 1072 vero
1218 1005 1362 1072 ordinem
1377 1004 1460 1069 auro?

248 1116 420 1192 στοιχεῖον,
455 1113 581 1195 qualem
603 1113 636 1177 in
663 1113 817 1195 catalogis
836 1111 1015 1177 fabularum
1036 1111 1228 1194 invenimus,
1262 1109 1313 1174 hic
1335 1128 1461 1192 quoque

247 1236 384 1300 regnare
407 1217 652 1281 arbitrabimur?
696 1235 771 1281 num
787 1221 918 1282 eatenus
933 1213 1107 1280 incusanda
1121 1213 1263 1297 fortuna,
1286 1219 1321 1278 ut
1334 1213 1460 1278 litterae

248 1325 281 1385 A
303 1327 335 1385 ct
357 1323 386 1382 E
413 1326 541 1404 praeter
564 1321 720 1384 Helenam
752 1318 826 1384 dein
853 1320 883 1381 Θ
912 1318 1154 1384 interciderint?
1197 1337 1272 1382 nam
1302 1321 1340 1379 H
1359 1317 1461 1398 litera,

249 1444 330 1506 quac
352 1424 508 1506 ignobiles
543 1423 749 1506 conplectitur
777 1423 919 1506 fabulas,
948 1423 1074 1506 integra
1102 1427 1230 1488 servata
1258 1427 1323 1503 cst,
1357 1425 1392 1483 01
1420 1419 1461 1484 de

249 1527 372 1592 delectu
389 1527 525 1611 amplius
541 1527 674 1610 cogitari
688 1547 750 1592 000
765 1527 875 1610 possit.
912 1526 1092 1610 ingentibus
1108 1524 1188 1590 baec
1203 1523 1309 1607 opinio
1325 1521 1462 1588 obnoxia

249 1636 334 1696 00001
357 1629 610 1712 difficultatibus3
634 1630 760 1712 etquis
783 1629 866 1694 ausit
889 1629 1005 1694 certius
1029 1627 1069 1694 de
1085 1648 1142 1694 suo
1158 1627 1325 1692 conicere?
1347 1627 1461 1696 iterum
1562 1698 1563 1702 ,

249 1753 348 1799 novus
378 1733 449 1800 sons
481 1740 536 1798 aut
564 1732 766 1816 quaerendus
795 1738 850 1797 aut
877 1731 1094 1816 expectandus
1124 1736 1218 1797 esset.
1264 1736 1298 1795 at
1318 1728 1460 1814 profecto
1565 1781 1567 1784 ,

249 1857 312 1902 000
333 1836 412 1900 mihi
433 1836 546 1902 videor
570 1837 750 1920 allucinari,
779 1835 865 1918 quod
888 1855 939 1918 ea,
970 1855 1052 1918 quae
1074 1835 1197 1900 numeri
1220 1833 1245 1899 C
1268 1853 1327 1898 000
1349 1832 1462 1898 docue-

250 1933 336 2024 runt,
359 1940 467 2024 magni
489 1940 580 2006 facio,
626 1939 741 2005 docent
763 1939 861 2022 enim,
886 1957 1055 2023 superesse
1077 1937 1202 2004 fabulas
1225 1937 1265 2002 ab
1281 1937 1406 2002 Helena
1421 1933 1462 1999 ad

249 2043 432 2127 Iphigenias
460 2063 500 2108 ex
528 2043 654 2128 sylloge
675 2039 817 2134 lintegra,
830 2042 1067 2125 tragoediarum
1089 2039 1333 2124 Euripidearum
1356 2039 1463 2132 aliquo
1491 2041 1496 2114 ξ

250 2147 343 2212 modo
374 2167 433 2231 per
463 2147 586 2212 litteras
619 2129 792 2230 disposita,
822 2145 902 2210 nihil
935 2146 1032 2228 igitur
1065 2164 1230 2210 commune
1260 2127 1463 2208 1101000011-
1489 2159 1493 2227 j

250 2251 299 2316 nis
327 2250 443 2315 fabulis
471 2270 541 2314 cum
571 2250 686 2316 ceteris
715 2269 805 2332 esse,
835 2268 917 2330 quae
946 2249 1084 2314 selectae
1107 2268 1147 2312 cx
1166 2247 1228 2312 hoc
1251 2265 1384 2329 corpore
1406 2264 1464 2336 por

238 2353 376 2422 scholas
403 2360 435 2418 01
456 2354 680 2436 grammaticos
708 2356 855 2416 servatae
883 2351 959 2433 sint;
989 2351 1048 2416 has
1075 2350 1217 2434 pendere
1246 2369 1286 2413 cx
1309 2347 1464 2431 exemplis

250 2477 308 2540 per
330 2458 401 2541 plus
424 2457 568 2522 minusve
591 2455 701 2520 doctas
723 2473 836 2518 manus
858 2454 1057 2538 propagatis,
1076 2473 1119 2518 eo
1141 2451 1226 2534 quod
1241 2451 1369 2517 scholiis
1385 2450 1463 2514 anti·

252 2561 321 2642 quis
346 2553 518 2626 instructae
544 2559 662 2624 fuerint
689 2558 829 2622 animia
849 2555 1036 2641 inpudentia
1057 2555 1212 2639 defensis,
1235 2554 1341 2620 redire
1356 2571 1463 2636 quam-

251 2663 300 2729 vis
328 2665 425 2746 longa
451 2664 506 2728 via
533 2662 575 2728 ad
603 2662 778 2746 Didymum
799 2667 831 2726 01
852 2659 1101 2738 Alexandrinos,
1127 2659 1201 2724 illas
1223 2659 1375 2723 lectorum
1399 2663 1465 2722 tan-

252 2773 316 2832 tum
339 2767 541 2839 delectationi
560 2766 695 2850 scriptas
720 2786 740 2830 a
761 2765 1038 2848 grammaticorum
1061 2761 1326 2829 emendatricibus
1348 2767 1380 2827 01
1396 2781 1462 2826 cor-

216 2865 217 2868 ’
251 2871 440 2954 ruptricibus
470 2870 615 2936 manibus
638 2870 759 2935 alienas
779 2867 821 2933 ad
841 2868 1030 2952 bibliopolas
1051 2867 1197 2948 antiquos
1221 2872 1253 2931 01
1274 2885 1333 2951 per
1356 2885 1464 2930 eorum

232 2974 378 3068 ¹demum
401 2974 488 3038 haud
508 2975 554 3039 ita
576 2993 674 3058 puras
696 2993 809 3038 manus
832 2971 875 3036 ad
891 2971 1047 3038 editiones
1062 2969 1297 3036 Alexandrinas
1313 2974 1368 3033 aut
1383 2969 1464 3034 alias

250 3079 357 3144 nescio
381 3097 460 3160 quas
482 3077 641 3143 recedere.
685 3097 750 3142 non
771 3076 889 3161 pusilla
909 3075 984 3140 inde
1007 3074 1050 3140 ad
1072 3073 1303 3140 emendationis
1324 3073 1409 3138 viam
1432 3077 1465 3137 et

251 3183 405 3248 rationem
432 3181 612 3248 redundant
633 3179 814 3264 commoda,
848 3187 967 3268 01000
991 3179 1136 3263 exemplo
1160 3176 1332 3262 defungar:
1359 3176 1466 3242 Heim·

252 3287 417 3352 soethiana
442 3305 586 3370 panacea
616 3286 670 3368 qui
691 3306 771 3351 sana
799 3291 831 3350 01
852 3285 964 3350 insana
987 3283 1154 3348 restituere
1177 3288 1343 3365 conantur,
1371 3281 1467 3346 velim

253 3396 411 3474 reputent,
434 3409 496 3471 quo
518 3390 587 3454 iure
610 3389 811 3473 corruptelae
833 3407 951 3471 genus,
976 3386 1061 3468 quod
1082 3407 1121 3452 ex
1144 3385 1273 3452 scholae
1296 3405 1356 3451 usu
1378 3405 1467 3469 repc-

254 3499 335 3577 tunt,
369 3499 497 3578 praeter
529 3493 682 3558 lectorum
715 3513 790 3556 rara
822 3490 960 3556 ludibria
985 3491 1018 3554 in
1045 3490 1134 3554 libris
1165 3510 1185 3554 a
1220 3489 1330 3556 schola
1356 3489 1469 3554 alienis

254 3604 434 3681 grassatum
456 3616 528 3662 0000
551 3597 726 3680 opinentur.
760 3595 819 3662 sed
833 3595 906 3659 nolo
924 3593 1120 3677 aproposito
1136 3592 1276 3676 digredi·
1298 3612 1383 3657 nova
1397 3593 1468 3657 lucc

256 3721 334 3786 opus
358 3707 442 3766 erat:
471 3701 589 3766 effulsit
619 3699 697 3764 mihi
724 3719 742 3764 c
772 3699 875 3764 musei
896 3697 1032 3763 Piraeici
1054 3696 1209 3779 tenebris,
1235 3695 1289 3760 ubi
1309 3695 1469 3778 fragmen-

255 3812 320 3869 tum
342 3806 426 3870 male
448 3804 591 3869 habitum
611 3803 712 3870 stelae
731 3823 853 3887 parvae
875 3800 1037 3886 protraxi,
1061 3798 1146 3882 quod
1161 3799 1272 3884 paucis
1287 3799 1379 3864 annis
1395 3804 1469 3863 ante

255 3915 414 3992 repertum
441 3929 525 3974 nova
555 3906 790 3990 tragoediarum
809 3905 1053 3990 Euripidearum
1070 3903 1209 3968 ‘nomina
1231 3903 1385 3987 praebere
1406 3923 1470 3967 000

256 4013 323 4078 0100
358 4013 424 4078 risu
454 4011 646 4078 audiveram.
701 4030 772 4076 curn
801 4011 871 4095 ipse
901 4010 1025 4074 titulum
1047 4014 1082 4074 ut
1103 4007 1192 4092 potui
1217 4005 1468 4090 descripsissem,

256 4116 377 4182 editum
399 4117 432 4180 in
462 4116 556 4201 primi
585 4115 755 4180 voluminis
782 4119 838 4178 τοῦ
858 4104 1042 4199 Ἀθηναίου
1071 4104 1182 4195 primis
1204 4110 1331 4194 paginis
1353 4109 1469 4192 inveni,

256 4220 376 4285 editum
390 4241 418 4290 ,a
442 4217 642 4302 Cumanudc,
666 4219 686 4282 i.
710 4238 737 4284 0.
762 4224 793 4283 01
815 4216 1057 4300 diligentissimo
1081 4222 1113 4280 et
1126 4214 1383 4299 prudentissime.
1420 4213 1470 4277 vir

255 4325 309 4390 ille
342 4323 476 4389 eximius
507 4343 570 4406 qua
600 4328 648 4388 001
676 4321 833 4388 modestia
862 4339 897 4385 se
920 4319 961 4384 de
983 4317 1178 4386 restituendo
1201 4319 1264 4383 imo
1288 4316 1328 4383 de
1347 4316 1469 4383 intelle-

257 4427 363 4511 gendo
395 4427 486 4493 titulo
520 4427 693 4510 desperare
723 4424 818 4508 dixit,
853 4443 917 4505 qua
944 4428 994 4488 est
1024 4423 1198 4506 gravitate,
1227 4422 1283 4486 vili
1311 4426 1343 4487 et
1364 4421 1474 4506 inepta

256 4530 419 4595 doctrinae
452 4531 558 4615 specie
589 4550 630 4595 ex
656 4529 767 4596 lexicis
796 4532 828 4594 01
857 4525 1040 4593 enchiridiis
1067 4526 1205 4591 maxime
1228 4525 1329 4591 obviis
1351 4530 1472 4590 temere
