3626 5288
797 405 834 472 tr.
853 401 888 487 af
1395 401 1447 476 rar

227 583 388 672 Euripidis
409 583 519 674 Mysos
542 583 709 672 Sophoclis
723 587 911 674 Aegisthum
934 596 966 656 et
986 587 1129 656 Oeneum
1152 596 1368 676 reppererunt
1408 589 1451 658 de
1566 595 1569 602 '

229 691 347 757 ultimis
380 698 486 758 tacere
517 692 617 774 malo,
652 692 692 758 ab
721 693 810 759 initio
841 692 1045 760 scribendum
1068 713 1140 760 esse
1162 688 1246 775 ὑπὲρ
1265 692 1307 758 τὰ
1330 688 1451 782 adoher

227 791 434 882 Mooakllds
460 795 488 860 δ’
510 791 544 860 a
575 793 700 883 μυ[σοῑς
726 796 960 882 spoponderim.
1009 817 1084 862 nam
1112 820 1134 860 α
1161 795 1193 862 et
1221 795 1296 862 din
1316 795 1450 882 papyris

230 917 327 980 aegre
347 896 500 983 distingui
520 905 620 965 testes
642 899 759 965 oculati
778 901 982 967 consentient.
1020 899 1129 984 gravis
1142 920 1220 966 vero
1235 919 1300 966 una
1314 906 1363 966 eet
1377 920 1447 968 sen·

228 1001 339 1086 tentia,
360 1001 466 1068 Adclfi
487 1001 667 1087 Michaelis,
691 1003 745 1086 qui
768 1023 839 1068 cum
854 1003 1004 1090 Marsyae
1018 1003 1161 1070 fabulam
1180 1023 1220 1068 ex
1236 1003 1338 1070 omnis
1353 1023 1448 1087 geue-

228 1105 273 1170 ris
309 1107 520 1174 monumentis
551 1107 709 1174 subtiliter
736 1113 767 1172 et
794 1106 976 1174 doctissime
1009 1107 1236 1191 examinasset,
1275 1107 1448 1192 satyricam

227 1206 368 1274 fabulam
390 1230 524 1294 eamque
544 1209 775 1282 nobilissimam
796 1211 829 1276 in
856 1231 896 1276 ea
915 1209 1115 1277 inlustranda
1141 1217 1303 1278 versatam
1325 1230 1397 1278 esse
1418 1217 1450 1277 et

228 1311 289 1378 sibi
303 1315 335 1377 et
349 1313 510 1397 plerisque
525 1313 596 1378 aliis
611 1313 780 1398 persuasit.
815 1333 911 1396 quam
923 1313 1086 1398 Euripidis
1101 1313 1201 1380 fuisse
1216 1333 1257 1379 ex
1270 1313 1348 1398 fgm.
1363 1321 1448 1382 1070

228 1415 343 1480 conicit
374 1414 469 1502 (Ann.
492 1415 523 1482 d.
545 1417 621 1482 lust.
640 1424 695 1502 30,
713 1415 791 1503 323)
814 1416 852 1482 cl.
874 1416 951 1500 fgm.
968 1416 1019 1482 ad.
1037 1423 1111 1484 312.
1147 1424 1235 1484 tenet
1261 1417 1450 1484 sententiam

228 1519 406 1586 etiamnunc
433 1521 483 1585 vir
509 1520 656 1603 eximius,
680 1527 774 1604 atque
805 1521 909 1587 t'ateor
943 1521 1044 1586 multa
1074 1520 1105 1585 ei
1129 1521 1236 1588 inesse
1265 1539 1348 1608 quae
1372 1521 1451 1588 mihi

227 1641 352 1706 quoque
373 1621 550 1690 adrideant.
594 1629 628 1689 at
650 1644 710 1708 ego
731 1623 866 1690 idoneus
886 1623 983 1690 iudex
1006 1645 1069 1690 non
1091 1643 1176 1709 sum,
1199 1623 1356 1706 siquidem
1377 1624 1450 1710 ipsa

227 1724 378 1812 Marsyae
400 1733 604 1795 monumenta
625 1748 688 1794 uon
715 1727 794 1794 satis
816 1727 1006 1794 examinavi.
1051 1726 1166 1811 quodsi
1186 1725 1352 1794 Michaelis
1378 1747 1448 1794 seu·

226 1830 357 1896 tentiam
380 1851 471 1897 suam
494 1852 528 1898 re
550 1851 628 1898 vera
650 1839 769 1898 certam
791 1830 927 1898 reddere
948 1832 1029 1916 vult,
1052 1836 1177 1916 oportet
1199 1836 1309 1916 aptum
1330 1851 1446 1900 nomen

227 1953 269 1999 ex
287 1933 423 2000 Piraeici
455 1926 622 2002 marmoris
651 1955 747 2002 versu
772 1943 810 2000 19
848 1935 961 2002 eliciat.
1006 1932 1092 2019 quod
1119 1934 1220 2002 donec
1244 1933 1363 2002 iactum
1397 1935 1447 2021 sit,
1505 1959 1507 1963 ·

227 2037 260 2102 in
283 2037 387 2104 medio
409 2038 490 2104 haec
513 2059 564 2105 res
586 2039 774 2123 reliquenda
796 2045 853 2106 est.

820 2233 849 2292 3.

314 2345 445 2414 Fabulis
472 2346 588 2432 spuriis
615 2365 695 2428 quas
725 2343 858 2431 adpinxi
884 2364 1038 2412 annorum
1066 2351 1161 2412 notae
1192 2343 1362 2413 ostendunt
1391 2366 1443 2412 me

228 2457 362 2533 quatuor
388 2451 461 2516 illas
491 2450 616 2516 fabulas
646 2449 702 2514 uni
731 2450 920 2533 tetralogiae
952 2448 1100 2514 tribuere.
1150 2447 1237 2532 quod
1266 2468 1330 2515 non
1362 2447 1446 2514 facio

226 2573 357 2620 numero
389 2553 534 2640 adprime
568 2553 773 2620 conveniente
808 2552 995 2636 fascinatus,
1035 2571 1227 2636 quamquam
1260 2551 1301 2618 ab
1329 2572 1368 2618 eo
1394 2572 1446 2618 me

228 2656 403 2742 profectum
430 2677 586 2724 essenon
607 2657 737 2744 infitior,
762 2656 821 2723 sed
845 2663 913 2722 tum
942 2656 1069 2722 demum
1091 2656 1168 2720 mihi
1189 2656 1349 2742 persuasi,
1374 2676 1445 2722 cum

228 2762 400 2846 satyricam
426 2761 566 2846 spuriam
589 2761 761 2848 Sisyphum
785 2781 856 2828 esse
888 2760 1109 2846 repperissem.
1160 2758 1247 2842 quod
1273 2779 1346 2826 cum
1373 2780 1471 2828 eoru·

229 2865 342 2930 stiterit
379 2886 447 2932 rem
489 2867 665 2932 consectam
703 2865 793 2932 duco.
849 2864 987 2930 vidimus
1025 2870 1132 2930 autem
1175 2864 1209 2930 in
1245 2863 1347 2930 tribus
1382 2869 1445 2928 tra

228 2969 352 3052 goediis
387 2970 503 3054 spuriis
530 2977 642 3036 cuncta
673 2969 714 3035 dc
748 2969 822 3036 crisi
843 2967 1061 3034 Alexandrina
1088 2967 1270 3034 testimonia
1297 2967 1343 3032 ita
1373 2987 1445 3033 con·

229 3073 358 3156 sentire,
385 3080 420 3138 ut
445 3079 500 3138 aut
525 3072 644 3139 diserte
671 3074 796 3158 spurias
823 3093 879 3139 eas
904 3069 1046 3138 dicerunt
1068 3078 1123 3136 aut
1144 3071 1178 3137 in
1198 3076 1334 3155 conputo
1356 3071 1445 3136 omit·

229 3182 344 3260 terent3
379 3178 550 3261 satyricam
580 3197 656 3242 vero
689 3196 786 3241 unum
823 3176 876 3242 vel
910 3174 973 3241 duo
1009 3180 1198 3258 memorant,
1231 3173 1442 3258 gravissimus

229 3280 319 3345 testis
350 3279 453 3346 Varro
490 3279 615 3346 omissis
646 3279 821 3363 tragoediis
850 3299 982 3344 numero
1014 3278 1157 3362 generali
1184 3278 1357 3362 conplexus
1388 3283 1445 3344 est.

230 3383 314 3464 quod
334 3384 428 3468 parri
449 3383 589 3468 pendere
612 3384 783 3468 nonlicet,
806 3381 1063 3465 quandoquidem
1085 3401 1149 3446 non
1170 3401 1243 3446 cum
1261 3381 1445 3466 Byzantinis

230 3493 284 3550 aut
320 3488 447 3554 infimae
480 3489 593 3553 aetatis
619 3487 881 3571 conpilatoribus‚
911 3485 969 3552 sed
993 3505 1064 3550 eum
1088 3483 1315 3550 Alexandrinis
1341 3503 1444 3568 gram·

229 3591 352 3657 matiois
374 3591 553 3657 mortalium
574 3571 673 3672 longe'
690 3589 940 3656 adcuratissimis
963 3588 1101 3670 agimus:
1130 3587 1292 3670 ea'igitur
1318 3585 1446 3652 demum

229 3695 386 3760 sententia
415 3715 482 3762 rem
503 3693 547 3760 ad
567 3693 721 3777 liquidum
739 3693 928 3777 perduxisse
948 3691 1071 3756 censeri
1089 3690 1218 3776 poterit,
1239 3708 1337 3774 quae,
1360 3688 1446 3754 unde

228 3795 280 3862 hic
300 3797 464 3864 dissensus
487 3804 575 3864 ortus
598 3797 651 3881 rit,
672 3796 886 3880 explicaverit.

316 3901 402 3967 Inter
428 3901 611 3986 tragoedias
638 3901 764 3985 spurias
786 3899 1048 3966 Rhadamanthus
1075 3903 1107 3964 et
1128 3896 1255 3962 Tenues
1277 3895 1348 3982 {tam
1371 3915 1445 3961 raro

229 4003 433 4090 adlegantur,
466 4013 501 4071 nt
533 4005 629 4072 hodie
657 4025 761 4090 paene
786 4003 865 4070 nihil
894 4010 1024 4089 praeter
1049 4021 1165 4070 nomen
1193 3999 1338 4066 relictum
1360 3997 1445 4086 sit.¹)

316 4178 343 4245 l)
362 4175 403 4231 De
422 4177 512 4231 Tenne
532 4177 560 4230 ct
577 4173 724 4230 Hemithea
742 4188 811 4243 quae
829 4177 974 4229 narrantur
990 4176 1019 4228 et
1036 4173 1065 4227 in
1076 4169 1215 4227 nonnullis
1229 4167 1298 4223 artis
1311 4167 1445 4239 figuratae

228 4264 409 4318 monumentis
438 4266 531 4317 extant
560 4261 695 4332 (Panoika
720 4261 789 4315 Ann.
818 4259 843 4314 d.
867 4260 917 4314 Ist.
931 4259 1015 4314 XIX.
1034 4260 1095 4316 295.
1127 4255 1207 4312 Arch.
1233 4253 1300 4309 Zeit.
1316 4254 1363 4308 lV.
1381 4253 1445 4322 not)

227 4349 398 4416 tragoediam
410 4349 528 4417 sapiunt,
546 4366 634 4418 neque
647 4365 698 4416 ego
710 4346 788 4417 parvi
806 4345 901 4416 pendo,
925 4344 1043 4415 quadiu
1062 4342 1195 4411 excerptis
1213 4339 1445 4409 mythcgraphicis

227 4435 346 4503 optimae
364 4439 444 4490 notae
463 4435 535 4504 apud
552 4435 693 4490 Westerm.
712 4433 843 4489 Paradcx.
862 4433 915 4487 219
933 4433 976 4500 (er
995 4431 1052 4486 cod.
1071 4432 1143 4484 laur.
1161 4430 1204 4493 50,
1224 4429 1251 4496 1)
1269 4429 1340 4480 iuter
1358 4429 1445 4496 φιλα-

227 4524 346 4592 δέλφους
366 4527 467 4589 Τέπψης
486 4525 533 4575 καὶ
549 4523 671 4594 Ἠμιθέα
691 4521 872 4577 nominantur.

269 4627 714 4678 Wllamowltz·Moellendcrli,
729 4629 844 4668 melecta
858 4625 991 4676 Euripides.
1186 4609 1223 4665 ll
