3594 5292
810 418 832 477 Ι.
853 421 876 480 1.
1430 421 1448 480 3

236 596 326 662 dibili
344 598 474 663 levitate
497 596 668 680 conpilavit
690 597 881 664 Dindorfius.
917 605 1057 664 ceterum
1070 598 1231 664 invenisse
1246 599 1324 664 mihi
1338 600 1450 667 videor

236 702 343 785 paullo
371 703 583 787 pluraquam
610 709 868 786 expectaueram:
907 722 989 785 quae
1020 703 1053 768 in
1085 702 1188 768 fronte
1218 702 1449 771 dissertationis

235 805 323 871 nuda
347 813 391 889 et,
415 811 450 870 ut
472 825 584 889 spero,
608 806 760 870 concinna
781 827 900 890 ponere
924 828 941 872 e
964 808 1120 873 revisum
1141 813 1198 872 est.

325 908 419 974 Oirca
445 929 561 973 annum
591 915 674 973 1300
701 911 733 974 in
762 910 953 976 bibliotheca
980 910 1118 992 quadam
1144 911 1322 996 Byzantina
1348 913 1450 978 codex

210 1091 212 1095 Ι
241 1013 374 1078 extabat
396 1033 459 1078 non
482 1019 556 1078 ante
571 1014 732 1078 saeculum
748 1013 969 1080 duodecimum
983 1015 1096 1080 litteris
1112 1033 1192 1096 quas
1207 1016 1322 1081 vocant
1336 1017 1451 1082 minus-

237 1118 317 1183 culis
350 1116 562 1198 adhibitisque
596 1137 654 1200 pro
683 1118 797 1184 aetatis
824 1137 884 1184 usu
909 1119 1093 1204 conpendiis
1121 1119 1264 1204 scriptus.
1314 1120 1374 1186 hoo
1401 1129 1450 1188 cst

236 1221 415 1286 fabularum
436 1219 694 1306 Euripidearum,
718 1242 797 1304 quas
821 1223 948 1288 scholiis
972 1222 1139 1289 destitutas
1154 1223 1307 1290 habemus
1322 1235 1451 1310 praeter

236 1325 381 1391 Bacchas
408 1323 648 1390 fundamentum
674 1325 814 1411 unicum,
841 1333 873 1392 et
896 1327 1034 1392 Palatini
1064 1333 1095 1392 et
1116 1328 1321 1394 Laurentiani
1342 1330 1450 1395 arche-

237 1437 350 1515 typon;
384 1429 461 1494 mihi
499 1434 530 1492 (D
561 1429 658 1495 audit.
703 1431 884 1496 continebat
916 1431 965 1518 (ut
997 1431 1095 1496 dubia
1123 1431 1258 1519 mittam)
1285 1433 1450 1518 Sophoclis

236 1534 450 1630 Aeschphque
471 1533 597 1600 fabulas
620 1534 740 1617 aliquot
762 1541 817 1600 aut
839 1555 880 1601 ex
901 1535 971 1620 ipso
994 1536 1206 1602 Laurentiano
1224 1544 1278 1622 32,
1296 1546 1314 1602 9
1339 1544 1394 1603 aut
1409 1559 1448 1604 cx

240 1637 427 1722 apographo
460 1638 529 1703 eius
563 1637 740 1722 descriptas
766 1638 866 1724 (quod
891 1641 1002 1724 paucis
1030 1640 1196 1724 Sophoclis
1225 1643 1350 1726 paginis
1380 1662 1450 1726 per-

236 1743 327 1808 lectis
350 1741 390 1806 de
412 1747 545 1824 utroque
569 1743 754 1827 apographo
777 1742 969 1809 contendere
991 1745 1135 1831 possum)
1157 1746 1270 1827 quibus
1284 1746 1450 1831 interposi-

237 1853 289 1911 tae
312 1852 404 1911 erant
425 1845 585 1930 Euripidis
609 1847 776 1931 Supplices
799 1847 936 1932 Cyclops
952 1847 1142 1925 Heraclidae
1157 1847 1311 1916 Hercules
1328 1851 1451 1917 Helena

236 1951 430 2035 Hippolytus
458 1950 574 2016 Medea
602 1951 738 2017 Alcestis
765 1951 989 2017 Andromacha
1012 1952 1140 2018 Electra
1166 1953 1298 2018 Hecuba
1321 1953 1450 2022 Orestes

236 2054 447 2137 Phoenissae;
474 2053 598 2132 Rhesus
618 2055 675 2120 Ion
697 2055 883 2140 Iphigeniae
904 2057 1012 2122 neseio
1028 2075 1089 2138 quo
1105 2057 1174 2122 loco
1190 2059 1319 2124 evulsae
1334 2059 1450 2141 circum

236 2157 421 2223 ferebantur
455 2165 633 2242 separatae.
689 2160 904 2224 columnarum
941 2159 1180 2244 dispositionem
1217 2162 1342 2230 codices
1376 2183 1451 2248 apo-

238 2263 354 2346 graphi
376 2283 439 2328 non
460 2261 616 2346 referunt3
640 2263 836 2348 archetypon
857 2283 922 2328 una
943 2270 1029 2329 certe
1048 2265 1167 2348 pagina
1188 2266 1452 2350 vigintiquatuor

237 2366 493 2450 conplectebatur
514 2385 639 2450 versus,
662 2366 865 2432 hauddubie
888 2387 951 2431 una
973 2368 1126 2432 columna.
1139 2368 1165 2453 Β)
1210 2377 1402 2438 correctores
1421 2377 1452 2435 d>

235 2489 408 2554 perpessus
435 2476 505 2534 erat
534 2471 716 2553 conplures;
741 2490 815 2534 nam
843 2489 906 2536 non
936 2471 1038 2536 solum
1066 2471 1133 2536 sive
1160 2473 1265 2538 scriba
1292 2473 1361 2558 ipse
1383 2476 1451 2542 sive

237 2573 318 2638 alius
341 2578 529 2656 argumenta
550 2573 603 2637 vel
624 2573 730 2656 potius
752 2573 889 2638 frustula
911 2593 1020 2638 eorum
1042 2581 1074 2639 et
1095 2594 1330 2659 nonnumquam
1355 2579 1450 2644 etiam

236 2697 443 2762 personarum
475 2675 611 2741 indicem
644 2675 809 2743 addidisse
840 2677 967 2743 videtur
978 2676 1005 2763 4)
1039 2678 1098 2744 sed
1125 2679 1220 2744 etiam
1246 2681 1279 2746 in
1306 2683 1450 2748 versibus

235 2781 315 2865 ipsis
343 2801 427 2848 cum¹
444 2780 565 2862 aliquot
592 2800 716 2846 errores
740 2781 876 2846 correxit
895 2787 962 2846 tum
984 2782 1091 2848 varias
1111 2784 1262 2852 lectiones
1284 2788 1450 2870 pauculas-

237 2905 298 2968 que
320 2891 412 2950 notas
433 2883 528 2950 modo
553 2885 661 2968 plures
683 2885 778 2952 modo
800 2887 980 2970 pauciores,
1010 2887 1157 2952 nimirum
1179 2909 1237 2973 pro
1261 2892 1451 2976 exemplaris

236 2996 366 3073 natura,
387 2987 555 3072 adspersit.
601 2989 756 3055 stmulta
779 2990 936 3056 etiamen
962 2994 993 3052 c)
1015 2997 1177 3073 tamquam
1197 2993 1330 3058 alteram
1345 2996 1451 3062 lectio-

237 3114 310 3159 nem
338 3099 540 3177 sumpserunt
567 3093 770 3178 apographa,
800 3114 882 3176 quae
913 3115 953 3176 eu
975 3115 1064 3159 mera
1089 3096 1242 3161 lectorum
1273 3099 1454 3176 coniectura

236 3201 395 3282 prognata
422 3216 494 3262 csse
523 3196 617 3261 facile
646 3197 879 3281 intelleguntur.
926 3218 997 3264 cum
1019 3205 1125 3264 tamen
1148 3206 1291 3284 apertum
1316 3202 1373 3287 sit,
1412 3223 1452 3269 ex

237 3299 430 3385 apographis
463 3301 605 3383 singulas
637 3321 750 3368 manus
778 3301 929 3386 distingui
951 3323 1015 3368 non
1041 3324 1152 3388 posse,
1184 3304 1263 3370 haec
1291 3309 1396 3373 omnia
1426 3331 1452 3395 φ

237 3405 382 3471 vocanda
412 3405 488 3470 duxi
515 3391 638 3470 summa
667 3427 738 3472 cum
767 3409 911 3472 cautione
935 3407 1125 3474 adhibenda.
1170 3409 1268 3476 titulis
1291 3417 1323 3476 et
1344 3432 1452 3496 perso-

237 3530 350 3575 narum
371 3509 528 3576 indicibus
549 3509 636 3576 haud
658 3530 780 3595 paucae
799 3511 984 3594 tragoediae
1008 3513 1175 3597 carebant,
1199 3520 1233 3578 at
1253 3535 1367 3580 nomen
1390 3523 1452 3582 tra·

237 3613 372 3698 goediae
402 3615 436 3679 in
465 3615 695 3699 subscriptione
722 3616 908 3699 ponebatur.
920 3615 946 3702 ὗ)
999 3617 1136 3699 denique
1164 3617 1365 3684 metricorum
1387 3621 1452 3685 vio-

237 3729 493 3740 mun—u*—

326 3797 353 3865 3)
372 3795 449 3850 Ocni.
469 3795 554 3850 huius·
569 3795 633 3850 libri
650 3811 707 3865 cap.
721 3796 746 3851 5.
765 3794 801 3848 ad
819 3795 879 3864 Iph.
900 3796 978 3850 Taur.
999 3798 1075 3854 1380,
1086 3798 1114 3851 in
1132 3798 1212 3852 classi
1225 3800 1256 3853 B.
1293 3800 1321 3854 in
1333 3801 1452 3854 Lauren-

236 3882 312 3937 tiano
325 3883 404 3936 binae
418 3882 548 3952 cuiusque
566 3883 682 3952 paginas
700 3883 840 3936 columnae
857 3883 896 3936 ita
914 3882 1061 3952 dispositae
1080 3888 1158 3946 sunt,
1177 3888 1208 3938 ut
1224 3885 1253 3940 in
1271 3887 1356 3941 altera
1374 3905 1452 3956 pares

236 3970 266 4024 in
291 3971 378 4024 altera
399 3969 508 4037 inpares
535 3985 660 4024 versuum
682 3969 786 4050 numeri
805 3970 1022 4038 conlocarentur,
1046 3971 1075 4024 in
1093 3971 1219 4027 Palatino
1236 3978 1327 4028 exacta
1346 3973 1451 4028 demum

236 4073 291 4110 una
309 4057 432 4111 columna
450 4055 486 4110 ad
504 4057 619 4110 alteram
637 4057 779 4110 transitur.

324 4144 352 4213 4)
371 4142 451 4197 Certe
471 4144 498 4196 in
520 4143 683 4214 apographis
702 4143 859 4212 plerumque
878 4143 967 4212 spatio
979 4160 1062 4198 vacuo
1074 4143 1169 4199 relicto
1182 4146 1268 4200 altera
1280 4162 1375 4200 manus
1388 4146 1453 4202 haec

237 4229 350 4285 addidit.
383 4233 412 4284 et
428 4231 509 4284 antea
527 4245 632 4299 quoque
650 4229 722 4283 idem
739 4229 840 4283 iactum
860 4245 918 4283 esse
930 4229 993 4282 inde
1006 4231 1192 4300 consequitur,
1212 4231 1282 4300 quod
1294 4232 1334 4286 ita
1346 4235 1451 4286 tantum

238 4333 284 4370 eur
307 4317 436 4385 pleraque
461 4319 622 4384 argumenta
650 4316 778 4370 mutilata
800 4316 856 4370 siut
881 4315 1007 4384 explicari
1031 4319 1136 4384 potest,
1164 4321 1195 4371 ut
1218 4335 1313 4386 parurn
1337 4320 1452 4388 spatiia

237 4403 325 4472 priore
344 4403 432 4457 scriba
450 4401 489 4456 ais
508 4402 631 4456 relictum
650 4419 709 4457 esse
728 4403 903 4456 existimetur.

324 4489 352 4558 5)
371 4490 414 4544 lta
432 4491 569 4555 clarescit,
589 4506 635 4544 cur
653 4489 781 4544 librarius
801 4490 908 4542 Cunero
922 4505 1010 4543 errore
1023 4489 1172 4558 Hippolyto
1184 4489 1354 4559 inscripserit
1365 4491 1451 4546 Phae·

237 4573 322 4629 dram.
341 4593 403 4630 nam
422 4593 525 4631 merum
536 4593 653 4631 errorem
666 4592 725 4629 esse
737 4575 799 4629 inde
812 4575 997 4644 consequitur,
1018 4577 1089 4644 q'uod
1103 4575 1264 4644 subscriptio
1277 4577 1359 4631 solita
1371 4595 1452 4632 manu

1190 4663 1236 4726 lit
