3666 5296
379 423 433 481 220
935 421 987 476 III.
1006 421 1032 478 4.

491 605 553 663 876
601 596 675 662 XO.
719 591 753 662 τί
771 598 895 684 χρῆμα·
924 593 1016 676 λέξον
1037 588 1072 661 εἴ
1089 591 1122 661 ιλ
1144 619 1202 679 μοι
1223 589 1320 682 λόγου
1342 594 1434 680 μέτα.

598 703 671 766 ΘΗ.
715 704 779 785 ttoni
799 704 864 782 βοᾶ
883 697 997 778 δέλτος
1018 695 1146 766 ἄλαστα
1167 725 1196 770 κ.
1211 725 1240 770 τ.
1255 696 1279 766 ἓ.

379 840 588 907 libentissime
609 839 724 907 Weilio
751 839 890 907 ooneedo
918 840 998 905 nihil
1019 840 1102 906 inter
1122 848 1185 906 874
1209 846 1242 906 et
1264 847 1327 905 876
1351 837 1469 906 intrudi
1490 859 1596 924 posse,

381 951 415 1012 at
443 946 513 1032 ipse
536 945 698 1013 Theseum
718 965 822 1032 paene
845 945 1013 1011 ridioulum
1036 944 1155 1030 reddit,
1177 945 1232 1028 qui
1253 945 1378 1010 narrari
1398 963 1495 1029 posse
1512 963 1595 1026 quae

379 1050 494 1134 legerit
523 1056 634 1136 negat,
663 1049 779 1116 deinde
809 1056 927 1116 narrat.
981 1049 1132 1116 oonfietus
1160 1055 1209 1116 est
1232 1055 1295 1114 875
1326 1050 1367 1114 ab
1391 1047 1596 1115 histrionibus

380 1174 421 1221 ex
453 1175 500 1221 vs.
525 1163 587 1220 846
623 1144 692 1219 οἷον
721 1145 809 1220 εἶδον
841 1149 939 1239 ἄλγος
973 1151 1005 1218 ἓν
1039 1148 1152 1236 δόμοις
1182 1147 1219 1219 οὗ
1241 1151 1357 1241 νλνγιόν
1391 1146 1465 1218 οὐδὲ
1493 1149 1598 1238 ῥητόν.

259 1249 264 1260 ’
380 1260 519 1345 grassati
541 1265 614 1326 sunt
631 1259 801 1326 histriones
819 1259 928 1345 paullo
947 1263 1021 1325 ante
1045 1266 1232 1324 871—873
1255 1263 1337 1326 teste
1360 1257 1540 1325 scholiasta.

470 1404 552 1464 1452
576 1419 645 1484 sqq.
689 1398 864 1466 traiciendo
892 1419 957 1464 non
989 1398 1093 1465 sanati
1124 1397 1254 1482 quidem
1276 1397 1429 1466 suntsed
1452 1395 1598 1464 sanandi.

269 1597 271 1602 Ι
380 1503 508 1590 scripsit
529 1505 613 1572 enim
634 1503 805 1591 Euripides
827 1502 942 1590 (oaede
965 1503 1103 1571 absolvit
1124 1503 1317 1590 Hippolytus
1339 1500 1515 1590 Theseum)

469 1631 553 1692 1452
602 1627 677 1692 ΘΗ.
722 1615 923 1713 ὦφίλναθ’,
943 1621 990 1703 ’ὡς
1008 1627 1153 1710 γενναῖος
1174 1619 1322 1714 ἐκφαίνει
1341 1619 1451 1710 πατρί.

469 1736 554 1796 1455
618 1733 678 1796 ΙΠ.
723 1730 857 1796 τοιῶνδε
879 1725 1009 1795 παίδων
1030 1725 1167 1826 γνιγολων
1188 1723 1279 1810 εἶν’χοο
1301 1731 1413 1811 τυχεῖν.

470 1840 554 1900 1454
603 1837 676 1900 ΘΗ.
722 1829 807 1918 ὤμοι
828 1831 948 1922 φρενὸς
965 1838 1026 1922 σῆς
1047 1832 1200 1918 εὐσεβοῦς
1218 1857 1256 1900 ιε
1276 1824 1435 1922 κάγαθῆς.

471 1946 554 2006 1453
619 1941 680 2005 Ill.
725 1930 861 2025 ὦχαῖρε
884 1937 941 2004 καὶ
963 1933 1018 2022 οὐ,
1046 1940 1142 2024 χαῖρε
1163 1933 1272 2004 πολλοί
1292 1961 1366 2021 μοι,
1390 1935 1506 2024 πάτερ.

470 2050 553 2110 1456
603 2047 676 2110 ΘΗ.
720 2038 765 2132 μή
786 2068 839 2110 νυν
859 2043 991 2132 προδῷς
1011 2067 1067 2127 με,
1090 2041 1200 2110 τέκνον
1207 2093 1216 2124 ,
1239 2039 1321 2110 ἀλλὰ
1341 2039 1498 2131 καριέρει.

617 2151 678 2214 ΙΠ.
723 2147 953 2236 κεκαριέρνγται
976 2138 1074 2232 adad.

380 2271 426 2338 ita
447 2271 610 2356 dispositis
631 2272 738 2338 verbis
762 2277 845 2337 1455
866 2272 949 2338 bene
970 2271 1136 2357 suppletur
1149 2273 1306 2354 γενναῖος,
1330 2269 1440 2338 laudat
1454 2271 1600 2340 Theseus

382 2376 496 2442 iterum
517 2377 707 2461 probitatem
729 2377 909 2463 Hippolyti,
933 2377 1009 2460 quia
1028 2376 1155 2462 spurius
1175 2375 1259 2442 iilius
1282 2396 1440 2443 novercae
1461 2375 1598 2446 infestis·

382 2480 481 2548 simae
511 2481 586 2548 filiis
611 2481 716 2548 fausta
737 2488 894 2567 preoatur.
938 2482 1003 2548 iarn
1022 2481 1216 2567 Hippolytus
1238 2487 1373 2548 mortem
1395 2482 1599 2567 supervenire

381 2587 489 2671 sentit,
511 2587 620 2654 valere
641 2588 729 2654 iubet
748 2593 886 2672 patrem,
908 2587 963 2671 qui
983 2586 1103 2654 frustra
1123 2607 1164 2653 ne
1187 2605 1227 2653 se
1237 2585 1367 2653 deserat
1382 2593 1483 2672 rogat,
1505 2587 1598 2654 mori-

379 2698 432 2757 tur
452 2692 653 2778 Hippolytus.
697 2693 732 2758 in
763 2691 880 2759 tradito
913 2691 1024 2758 ordine
1056 2711 1127 2758 oum
1159 2691 1225 2757 alia
1250 2689 1391 2758 absurda
1417 2698 1504 2777 sunt,
1533 2699 1600 2758 turn

380 2796 556 2883 Hippolyto
577 2804 711 2864 mortem
736 2797 797 2865 sibi
818 2799 938 2864 instare
965 2797 1156 2881 significanti
1174 2795 1298 2881 plaudit
1317 2802 1422 2882 pater,
1451 2796 1536 2864 filius
1554 2798 1600 2864 ita

380 2901 528 2969 laudatus
548 2904 723 2988 paullulum
745 2887 914 2970 reiivisoit.
952 2902 1011 2969 sed
1025 2902 1085 2969 hoo
1100 2903 1213 2988 opinor
1230 2901 1380 2968 faeillime
1394 2902 1598 2987 intellegitur.

381 3013 415 3073 at
434 3008 588 3074 intantum
609 3009 724 3092 reliqui
748 3013 831 3076 1453
855 2999 881 3072 ὦ
902 3010 993 3090 χαῖρε
1016 3004 1071 3072 καὶ
1095 3005 1133 3071 σὺ
1154 3009 1244 3092 χαῖρε
1265 3000 1372 3071 πολλά
1387 3029 1459 3088 μοι,
1483 3001 1598 3093 πάτερ,

383 3113 438 3180 ubi
467 3097 609 3196 quisquis
637 3113 798 3198 Euripidis
827 3113 1041 3180 emendationi
1063 3110 1171 3179 studet
1203 3112 1415 3178 coniecturam
1443 3113 1600 3198 periolita

382 3223 441 3284 tur.
487 3217 556 3283 oola
578 3223 608 3282 et
630 3223 665 3282 to
685 3218 741 3283 ubi
761 3217 972 3304 supplendum
995 3223 1044 3283 est
1066 3236 1119 3300 ογο
1140 3217 1226 3282 valeo
1247 3215 1325 3294 ferri
1346 3238 1409 3284 non
1424 3238 1521 3302 posse
1536 3219 1598 3284 ola-

380 3327 476 3388 mant.
522 3323 798 3389 comminiscuntur
818 3343 890 3390 oum
911 3323 976 3388 alia
999 3327 1184 3408 portentosa
1204 3327 1271 3386 tum
1291 3321 1492 3402 intereidisse
1513 3322 1600 3388 disti·

382 3427 463 3494 ohon
486 3432 559 3494 'ante
580 3427 664 3493 hune
683 3447 820 3494 versum.
866 3448 943 3511 ergo
966 3427 1053 3512 prior
1079 3426 1179 3492 filium
1199 3427 1308 3493 valere
1329 3426 1422 3492 iussit
1443 3426 1598 3494 Theseus.

379 3538 486 3599 tamen
508 3531 595 3598 haud
616 3552 689 3598 raro
718 3533 813 3598 simili
833 3531 1086 3616 breviloquentia
1106 3531 1203 3596 loeuti
1225 3536 1298 3600 suut
1321 3528 1445 3596 Graeci.
1490 3551 1598 3617 perso-

380 3643 474 3704 natus
501 3637 608 3722 Plato,
648 3638 784 3722 scriptor
816 3637 946 3702 minime
976 3635 1224 3702 oontemnendus
1255 3635 1345 3720 epist.
1372 3635 1430 3701 IX.
1457 3642 1519 3702 358
1546 3629 1599 3702 ὅτι

379 3738 438 3823 μὲν
460 3732 515 3805 οὖν
536 3737 668 3828 ἥδιστόν
690 3737 779 3805 ἐστιν
801 3738 834 3806 ἑν
855 3745 902 3828 τῷ
924 3735 987 3825 βίῳ
1008 3737 1046 3804 τὸ
1068 3737 1110 3802 τὰ
1129 3732 1241 3804 ἑαυτοῦ
1258 3735 1417 3825 πράττειν
1440 3733 1546 3816 ἄλλως
1564 3763 1600 3804 τε

379 3841 435 3908 καὶ
469 3838 504 3909 εἴ
531 3868 583 3922 τις
611 3843 718 3910 ἕλοιτο
749 3849 885 3910 τοιαῦτα
913 3837 1069 3929 πράττειν
1100 3831 1154 3907 οἷα
1181 3840 1236 3906 καὶ
1266 3839 1318 3924 σύ,
1354 3840 1467 3922 σχεδὸν
1499 3841 1600 3908 παντὶ

381 3949 483 4035 δῆλον.
528 3949 697 4035 Euripides
725 3951 795 4036 ipse
823 3949 893 4035 Iph.
917 3948 1014 4014 Taur.
1040 3952 1100 4012 591
1138 3944 1176 4011 οὐ
1207 3943 1260 4014 δέ’.
1273 3997 1301 4011 ..
1327 3943 1456 4034 opidum
1484 3943 1539 4010 καὶ
1563 3940 1600 4011 ori

379 4053 434 4120 obi
462 4054 638 4121 reotissime
662 4054 797 4121 Weilius
827 4053 1003 4128 sonae-toi
1031 4074 1146 4119 οονιιιιιι
1167 4054 1203 4135 je
1231 4053 1334 4117 ddsr’re
1366 4054 1429 4117 νιιοι·
1450 4053 1541 4117 αιιεειΙ
1563 4053 1601 4116 de

379 4179 428 4223 me
449 4179 581 4243 εοιιοον,
608 4159 642 4223 in
664 4159 839 4244 Hippolyto
861 4157 947 4224 idem
967 4157 1101 4223 Weilius
1121 4155 1214 4242 probi
1234 4155 1342 4221 indicii
1363 4176 1426 4222 non
1449 4155 1600 4239 meminit,

378 4263 412 4328 in
433 4262 601 4347 Iphigenia
627 4263 683 4328 alii
704 4262 805 4328 moliti
828 4269 901 4328 sunt
923 4261 1053 4329 easdem
1076 4267 1172 4344 atque
1193 4261 1245 4325 hio
1266 4259 1412 4345 ineptias.
1451 4259 1527 4342 quin
1542 4259 1600 4324 eis-

379 4365 453 4433 dem
475 4367 590 4449 quibus
618 4367 651 4432 in
674 4367 848 4453 Hippolyto
870 4367 979 4433 verbis
1001 4364 1171 4450 Euripides
1192 4366 1307 4430 iterum
1330 4384 1407 4430 usus
1430 4369 1479 4430 est
1500 4363 1600 4428 Hera-

296 4534 301 4542 .
382 4471 454 4537 olid.
481 4477 552 4536 660.
598 4471 751 4537 Alcmena
784 4478 954 4557 postquam
975 4471 1106 4556 Hyllum
1142 4470 1270 4536 venisse
1299 4469 1340 4534 ab
1366 4469 1454 4534 Iolao
1481 4467 1603 4533 audivit

383 4573 427 4644 ad
445 4577 587 4642 nuntium
609 4597 763 4644 conversa
785 4567 811 4643 oi
831 4579 923 4662 χαῖρε
946 4573 1002 4640 καὶ
1025 4571 1064 4640 σὺ
1087 4575 1198 4640 τοῖσδε
1222 4575 1291 4650 τοῖς
1307 4563 1508 4658 ἀγγέλμασιν.
1546 4569 1605 4640 sed
