3666 5296
369 407 424 462 182
930 407 965 464 Π.
983 407 1009 464 5.

369 603 559 668 quamquam
580 589 648 649 tota
666 583 747 650 baec
765 583 908 667 quaestio
927 583 973 650 cis
991 583 1142 652 incumbit
1164 585 1277 668 quibus
1294 586 1462 652 utilimima
1475 604 1575 669 opera

370 688 638 776 sarcophagorum
665 687 922 773 conligendomm
947 689 1086 774 inposita
1114 695 1171 755 cst.
1220 709 1353 772 quorum
1374 696 1462 756 recta
1480 690 1574 755 inter-

368 793 505 879 pretatio
533 799 569 858 ut
595 792 721 858 omnino
747 813 807 877 per
834 791 978 860 Iahnium
1003 793 1215 878 potissimum,
1249 793 1311 859 hac
1338 797 1463 878 quoquc
1484 793 1517 858 in
1539 809 1576 859 re

368 897 495 984 Zcegae
514 895 644 982 dignum
666 893 835 980 διάδοχον,
853 897 998 982 invaluit,
1021 904 1076 963 aut
1095 898 1221 964 omnino
1238 897 1332 964 fallor
1353 904 1407 964 aut
1430 917 1470 964 ex
1491 917 1575 963 nova

368 1002 495 1070 demum
511 1001 731 1068 observatione
745 1000 844 1086 probe
860 1007 965 1086 potest
978 1003 1106 1068 institui.
1141 1021 1278 1086 namque
1292 1009 1327 1068 ut
1341 1003 1466 1069 sobrius
1480 1002 1575 1068 horno

368 1107 513 1176 dubitare
527 1105 686 1191 nequibat,
700 1105 883 1191 anaglypha
898 1125 938 1172 ex
951 1125 998 1190 gr.
1009 1105 1143 1172 Medeae
1159 1113 1213 1172 aut
1224 1107 1408 1192 Iphigeniae
1420 1107 1576 1173 Tauricae

368 1231 420 1280 res
444 1211 599 1296 conplexa
619 1211 690 1276 unis
708 1210 767 1276 niti
786 1209 947 1295 Euripidis
964 1210 1093 1296 fabulis,
1112 1211 1159 1277 ita
1180 1213 1296 1296 pusilla
1315 1211 1472 1295 quaedam
1490 1217 1523 1277 at
1542 1213 1576 1276 in

367 1317 467 1386 variis
487 1315 739 1402 anaglypbomm
759 1316 912 1401 exemplis
933 1317 1128 1383 recurrentia
1143 1337 1183 1382 ex
1196 1318 1275 1403 ipsis
1288 1317 1462 1401 tragoediis
1480 1337 1577 1401 aegre

366 1422 638 1506 intellegebantur.
664 1420 728 1486 iam
740 1419 825 1485 idem
840 1419 994 1486 accidisse
1008 1428 1109 1506 patet,
1124 1421 1209 1504 qnod
1219 1420 1398 1487 fabularum
1409 1421 1577 1487 iliacamm

369 1545 502 1595 amenas
525 1525 566 1591 ab
586 1525 658 1610 ipsa
678 1523 779 1590 iliade
800 1523 875 1590 iecit
897 1523 1128 1609 discrepantes:
1157 1525 1293 1592 artifices
1313 1526 1389 1592 solis
1411 1545 1577 1610 argumen-

368 1633 410 1698 tis
429 1629 526 1715 idque
547 1629 678 1696 liberius
699 1630 750 1695 usi
769 1635 849 1695 sunt.
893 1629 1026 1695 moleste
1047 1629 1193 1714 ferimus,
1216 1629 1302 1714 quod
1322 1637 1578 1714 argumentorum

368 1735 455 1821 libri,
488 1735 598 1820 quales
628 1734 766 1800 omnium
793 1733 826 1798 in
857 1734 1002 1800 manibus
1028 1733 1128 1801 fuisse
1158 1735 1236 1801 artis
1259 1741 1461 1802 monumenta
1482 1733 1578 1800 fidem

368 1840 499 1926 faciunt,
522 1838 634 1925 paucis
654 1858 714 1924 per
731 1839 853 1904 litteras
872 1837 1113 1905 manifestantur
1132 1839 1288 1924 vestigiis,
1311 1859 1393 1923 quae
1414 1837 1578 1906 Michaelis

370 1944 535 2031 conposuit
556 1941 770 2010 Biidcrchron.
787 1949 827 2008 86
836 1993 845 2028 ,
867 1949 1050 2028 pergratum
1063 1943 1160 2028 igitur
1173 1942 1301 2029 accidit,
1321 1942 1407 2027 quod
1420 1943 1577 2010 Robemus

369 2119 403 2172 ab
416 2120 473 2173 arte
484 2116 607 2171 Romana
619 2113 736 2169 ahenum
749 2129 807 2168 esse
817 2129 876 2168 cum
888 2113 1008 2183 plerique
1020 2113 1103 2184 vulgo
1112 2113 1273 2168 adseverant
1281 2116 1340 2168 turn
1349 2113 1577 2183 nupchomanae

369 2205 437 2260 artis
455 2203 618 2260 dabmtetcr
636 2201 838 2256 sollertissimus
857 2200 1013 2271 Helbigius‚
1032 2199 1122 2256 nescio
1140 2217 1176 2255 an
1193 2217 1288 2270 parurn
1306 2203 1396 2256 cante:
1415 2216 1577 2272 quamquam

369 2292 441 2348 enim
458 2289 611 2347 haereticus
627 2288 750 2356 videbor,
768 2287 968 2354 Friederichsii,
987 2289 1120 2357 praeclari
1137 2289 1197 2353 viri,
1214 2289 1316 2357 placita
1332 2305 1460 2363 magnam
1471 2290 1577 2357 partam

369 2379 523 2449 amplector.
559 2379 631 2433 certe
657 2376 687 2432 id
704 2375 810 2432 credere
837 2376 937 2443 nolint,
967 2375 1129 2430 Graecorum
1157 2375 1264 2430 fabulas
1288 2375 1389 2430 Graeca
1412 2377 1516 2430 tantum
1542 2373 1578 2428 ad

370 2465 491 2535 exempla
515 2465 544 2519 in
565 2463 664 2520 subolis
682 2464 753 2518 lecta
769 2478 835 2518 csse.
871 2464 979 2517 servata
997 2465 1039 2517 est
1056 2461 1113 2517 cod.
1132 2463 1212 2517 Lanu.
1233 2463 1276 2528 50,
1294 2464 1310 2516 1
1328 2477 1391 2530 pars
1410 2461 1483 2516 hand
1500 2461 1577 2530 ignc-

368 2551 433 2607 bilis
460 2567 491 2608 ex
512 2550 605 2606 libello
632 2551 739 2606 scholae
765 2549 915 2614 demam,
951 2548 1022 2618 quod
1046 2565 1105 2604 cnm
1129 2549 1235 2603 ultimis
1261 2548 1365 2618 Hygini
1392 2547 1492 2604 fabulis
1518 2551 1577 2602 arto

369 2639 540 2695 coniunctum
559 2639 602 2692 est
624 2637 739 2692 vinculo.
778 2639 841 2706 post
868 2636 1034 2706 Stephanum
1057 2637 1089 2706 et
1104 2635 1267 2690 Haerenium
1289 2634 1375 2690 edidit
1397 2635 1578 2690 Westerman-
1622 2635 1634 2661 t

369 2741 420 2782 nus
447 2743 507 2781 cnm
535 2725 565 2780 in
593 2723 838 2794 paradoxcgrapbis
865 2725 923 2777 tum
951 2724 980 2777 in
1006 2723 1218 2792 mytbcgraphis.
1263 2721 1302 2775 ibi
1329 2721 1510 2792 fragmentum
1526 2721 1578 2776 Isi-

370 2814 434 2884 gcni
467 2829 519 2883 quc
551 2811 606 2866 iarn
629 2811 770 2866 Vitruvius
794 2827 859 2865 usur
884 2812 927 2864 cst
953 2811 981 2864 et
1010 2809 1194 2864 doctissimum
1219 2809 1251 2863 de
1275 2809 1390 2863 fortibus
1419 2807 1579 2863 mulieribus

370 2899 451 2970 caput
469 2901 596 2954 secuntur
611 2899 719 2953 nomina
737 2898 837 2968 partim
854 2897 993 2952 recondita
1011 2913 1043 2950 ex
1053 2895 1168 2950 historia
1179 2895 1303 2952 fabulosa
1314 2911 1362 2964 per
1374 2895 1474 2950 classes
1487 2895 1578 2963 dispo·

370 2987 424 3055 sita
440 2987 539 3057 (neque
556 2985 675 3040 absimili
692 3000 765 3039 more
780 2984 951 3039 Ptolemaeus
968 2983 1134 3052 Hephaestio
1153 2999 1218 3037 usus
1236 2985 1279 3038 est
1297 2982 1331 3037 cf.
1350 2982 1470 3037 Hercher
1484 2983 1577 3037 Herm.

369 3073 502 3142 vilarcel
520 3080 590 3131 τίνες
608 3077 680 3125 οἴκοι
703 3069 855 3125 ἀνάστατοι
874 3069 922 3124 διὰ
941 3077 1074 3142 γυναῖκας
1091 3073 1233 3140 ἐγένοντο,
1254 3068 1436 3142 φιλάδελφοι,
1454 3072 1577 3140 φιλέται-

371 3181 427 3236 ροι,
457 3161 640 3230 fragmentum
657 3158 864 3231 φιλομητόρων,
888 3161 1077 3228 argumentum
1095 3159 1235 3226 Lityersae
1253 3157 1384 3224 Sositbei,
1408 3155 1480 3211 hand
1500 3155 1579 3210 dubie

370 3265 401 3304 cr
421 3247 524 3317 capite,
548 3245 757 3316 quc-Busiridos
777 3245 898 3300 Scirones
923 3245 952 3300 id
969 3261 1055 3316 genus
1073 3248 1253 3299 monstrorum
1276 3245 1310 3299 ab
1328 3241 1453 3298 heroibus
1469 3243 1578 3312 punito·

370 3352 430 3390 rum
448 3333 574 3390 recensiti
592 3335 681 3398 erant,
700 3333 815 3402 danique
832 3337 1055 3405 κεραυνωθέντες.
1085 3331 1186 3386 similia
1204 3335 1233 3385 ct
1250 3331 1342 3386 ordine
1362 3335 1390 3385 et
1401 3346 1474 3385 more
1485 3329 1578 3399 dispu-

370 3421 448 3478 tandi
463 3421 536 3490 apud
552 3421 700 3491 Hyginum.
736 3421 816 3474 finem
838 3419 943 3474 faciunt
964 3419 1081 3474 fabellae
1104 3422 1161 3474 tres
1179 3419 1276 3488 quibus
1296 3417 1477 3487 interponitur
1494 3417 1578 3471 series

290 3538 291 3541 =
371 3508 627 3578 metamorphoseon.
672 3509 752 3576 atque
778 3506 938 3562 fabellarum
965 3507 1079 3560 istarum
1108 3507 1195 3575 prima
1222 3508 1250 3560 ct
1276 3505 1358 3560 tertia
1385 3521 1416 3558 ex
1440 3503 1579 3558 Plutarchi

371 3595 510 3667 parallelis
532 3591 674 3664 desumpta
696 3596 738 3648 est
755 3594 801 3662 (24
819 3611 899 3664 qnam
917 3594 980 3648 inde
999 3593 1111 3662 corrigit
1128 3593 1247 3648 Hercber
1267 3591 1301 3646 ad
1318 3592 1392 3646 Plnt.
1412 3591 1445 3645 de
1464 3591 1579 3651 fiuv.,19

372 3684 433 3738 adn.
451 3686 480 3738 et
496 3682 530 3736 21
549 3699 617 3752 quae
633 3681 693 3750 ipsa
711 3697 742 3736 cx
754 3680 901 3735 Parthenio
914 3682 948 3736 10
964 3681 1144 3750 promanavit)
1162 3679 1260 3733 ultima
1272 3677 1305 3732 dc
1316 3677 1465 3747 Prosymna
1477 3677 1578 3747 Argivo

371 3769 470 3826 Bacchi
487 3772 607 3844 amatore
625 3767 697 3838 apud
714 3768 815 3822 multos
834 3767 960 3830 occurrit,
980 3783 1047 3837 qnos
1065 3768 1205 3821 enumerat
1223 3765 1353 3820 Weloker.
1370 3763 1416 3819 Gr.
1430 3763 1462 3818 G.
1478 3763 1506 3818 Π
1518 3764 1578 3830 650,

371 3859 412 3912 ita
433 3857 526 3911 tamen
552 3858 584 3910 ut
611 3854 646 3909 ad
668 3870 751 3908 nuum
776 3853 916 3908 enchiridii
938 3853 1114 3923 mythologici
1134 3853 1221 3907 locum
1246 3853 1337 3906 omnia
1352 3843 1447 3906 referri
1465 3851 1579 3920 possint,

371 3945 559 4015 praeterquam
580 3942 652 4013 quod
675 3941 825 3997 Pausanias
843 3941 879 3994 Π.
896 3941 939 3996 37,
957 3942 986 4005 5,
1012 3941 1055 3996 cni
1076 3939 1240 4008 Prosymnae
1265 3941 1413 3994 ceterorum
1434 3937 1579 4008 Polymnns

372 4031 461 4087 nescio
488 4047 523 4086 an
549 4029 647 4085 rectius
671 4027 757 4094 audit,
784 4045 815 4083 ex
839 4027 907 4098 ipsis
925 4027 1052 4082 Lernaeis
1076 4043 1135 4081 cam
1159 4025 1277 4095 accepit;
1303 4025 1376 4080 inter
1392 4028 1477 4081 testes
1496 4026 1578 4080 etiarn

371 4117 498 4188 Hyginus
514 4120 564 4173 est.
599 4119 629 4171 at
644 4115 873 4184 metamorphcscs
890 4115 955 4170 illae
973 4132 1004 4170 er
1021 4115 1080 4184 ipsc
1099 4113 1195 4170 Ovidio
1213 4115 1337 4182 sumptae
1354 4115 1424 4167 sunt.
1454 4111 1497 4166 hic
1509 4111 1579 4165 enim

374 4205 438 4262 ordo
456 4207 507 4260 est.
542 4204 659 4276 Lycaeo
677 4201 736 4273 (Ov,
754 4203 820 4258 Met.
841 4201 945 4272 1222).
967 4201 1060 4270 Argus
1077 4201 1185 4271 (1722).
1209 4199 1315 4271 aqvas
1335 4199 1442 4268 (1712).
1472 4195 1580 4269 cycnos

374 4291 501 4362 (11367).
525 4290 628 4347 acrore
648 4291 687 4359 (Π
698 4289 769 4360 574).
794 4287 955 4360 Nyctimene
973 4288 1012 4358 (ΙΙ
1024 4289 1096 4358 590).
1119 4287 1270 4343 Leucothoe
1287 4286 1399 4352 Orchati
1419 4285 1490 4354 iilia,
1507 4287 1580 4353 (narn

372 4381 413 4435 ita
430 4395 462 4434 er
480 4377 574 4434 Ovidio
602 4379 630 4433 in
647 4376 851 4448 mytbcgrcpbis
869 4379 941 4432 recte
957 4377 1189 4441 Westermannus;
1215 4373 1299 4429 codex
1317 4371 1477 4428 Orchomeni
1495 4371 1580 4426 filiam

373 4466 457 4538 dicit).
488 4465 537 4536 (Ν
555 4466 619 4536 210)
642 4465 706 4520 crdo
729 4464 877 4520 Ovidianus
900 4464 983 4520 semel
1006 4463 1078 4518 laedi
1092 4462 1213 4524 videtur;
1238 4464 1267 4516 at
1283 4459 1352 4530 Argi
1369 4459 1463 4516 fabula
1477 4459 1581 4514 narrari

373 4557 469 4624 coepta
485 4557 528 4610 ast
542 4556 606 4609 ante
622 4552 770 4624 springen.
