3594 5292
333 451 350 510 8
630 474 638 495 s
662 513 665 518 A
908 453 930 508 I.
948 453 973 508 1.

333 629 589 696 Andromacham
612 635 644 696 et
666 627 813 694 Medeam
841 648 881 694 ex
903 648 1021 712 genere
1040 628 1101 695 isto
1125 628 1350 712 contaminato,
1379 625 1560 712 Supplices,

332 735 474 801 Rhesum
495 735 676 820 Iphigeniae
700 755 740 800 ex
767 740 798 798 11)
820 741 979 819 sumptas,
1009 735 1159 819 Danaen,
1172 733 1214 820 ¹⁰)
1244 739 1317 818 post
1339 751 1433 818 quam
1454 731 1545 796 muti-

332 840 397 904 lam
423 839 544 905 scilicet
568 839 645 904 folia
675 839 795 922 aliquot
821 859 924 904 vacua
947 844 1034 924 sunt,
1062 839 1271 925 Hippolytum
1290 836 1482 904 Alcestidem
1505 855 1545 902 ex

333 943 442 1010 codice
469 945 680 1009 contaminato
712 950 745 1008 at
766 944 868 1028 magis
892 942 934 1008 ad
960 948 990 1006 (1)
1013 943 1183 1009 accedente
1207 962 1301 1026 quam
1323 939 1546 1008 Andromacha

334 1054 366 1114 31
387 1047 516 1132 Medea,
544 1047 689 1114 Bacchas
712 1047 858 1114 Troadas
881 1068 922 1112 ex
944 1048 1006 1113 alio
1029 1047 1133 1132 sonte,
1161 1047 1334 1133 Cyclopem
1356 1044 1545 1112 Heraclidas

333 1171 374 1216 ex
411 1155 453 1236 11),
487 1149 629 1235 'denique
649 1151 812 1238 xAeschyli
846 1151 983 1218 triadem
1015 1151 1232 1238 Byzantinam.
1247 1151 1289 1235 ¹¹)
1344 1151 1546 1216 inveniuntur

281 1337 284 1350 ι
333 1255 442 1321 variae
465 1275 587 1340 msnus;
617 1275 681 1320 una
701 1257 797 1322 totius
818 1255 935 1321 codicis
958 1257 1106 1321 volumen
1129 1257 1254 1341 scripsit
1281 1263 1313 1321 et
1342 1275 1413 1320 oum
1441 1274 1545 1320 exem-

333 1360 395 1445 plis
413 1361 528 1425 iterum
551 1359 715 1426 conferens
737 1361 887 1425 nonnulla
911 1359 1034 1426 addidit
1056 1368 1088 1426 et
1110 1361 1258 1446 correxit,
1281 1361 1382 1426 altera
1404 1357 1546 1424 eiusdem

334 1463 448 1530 aetatis
469 1484 509 1530 ex
530 1465 609 1549 ipsis
633 1465 786 1550 exemplis
810 1471 998 1548 argumenta
1019 1467 1139 1548 aliquot
1159 1473 1191 1532 et
1206 1465 1435 1549 additamenta,
1458 1463 1547 1529 verbi

334 1588 433 1634 causa
456 1588 496 1634 ex
521 1573 552 1632 tl)
574 1588 613 1634 ea
636 1588 718 1651 quae
741 1593 767 1656 φ
789 1569 961 1653 sculpserat
982 1569 1118 1655 addidit,
1141 1589 1332 1654 quamquam
1354 1571 1399 1634 ita
1422 1587 1546 1651 quoque
1644 1557 1648 1565 ’

334 1671 421 1738 haud
442 1692 514 1738 raro
529 1693 581 1738 333
597 1693 632 1738 33
648 1673 757 1758 habet,
777 1679 812 1738 31
832 1673 904 1760 Ρφ,
920 1674 965 1738 pn
975 1677 1005 1736 tl)
1028 1681 1138 1740 secuta
1153 1695 1224 1740 esse
1240 1673 1394 1740 videatur.
1433 1671 1547 1737 eadem

334 1776 521 1861 Iphigeniae
552 1776 733 1843 Aulidensis
766 1797 877 1842 versus
912 1778 1048 1864 157012)
1076 1798 1177 1860 usque
1209 1778 1251 1843 ad
1275 1779 1405 1844 Danaes
1435 1795 1481 1842 vs.
1505 1782 1545 1842 36

335 1881 507 1965 supplevit,
548 1881 642 1946 tertia
677 1900 772 1964 quam
805 1900 939 1964 usquam
973 1902 1134 1948 recurrere
1167 1903 1230 1948 non
1261 1882 1393 1946 memini
1426 1879 1548 1961 reliqua

335 1985 466 2049 Danaes
489 1983 619 2068 adiecit,
646 1985 822 2050 rubricator
843 1986 951 2052 titulos
974 1992 1006 2051 et
1027 2006 1235 2070 personarum
1257 1992 1348 2052 notas
1371 2005 1429 2070 per·
1448 1989 1548 2049 totum

335 2089 496 2172 volumen,
528 2089 624 2154 etiam
647 2089 834 2174 Iphigeniae
860 2089 1042 2156 Aulidensis
1070 2091 1180 2156 ultima
1206 2097 1237 2156 et
1259 2091 1407 2175 Danaen,
1436 2088 1547 2173 pinxit.

335 2199 369 2258 at
397 2192 475 2257 nihil
497 2193 585 2257 iuvat
604 2193 636 2258 in
659 2193 818 2259 enotanda
841 2195 997 2279 scriptura
1021 2194 1100 2260 haec
1120 2196 1166 2259 ita
1188 2194 1382 2277 discernere3
1414 2193 1477 2258 imo
1498 2211 1546 2274 33,

335 2315 417 2380 quae
444 2297 588 2382 primitus
617 2299 736 2383 scripta
766 2303 839 2363 sunt
867 2297 907 2362 ab
932 2299 977 2364 eis
1005 2284 1087 2381 quae
1115 2319 1154 2364 ex
1179 2299 1414 2384 exemplaribus
1436 2301 1549 2380 postea

335 2401 436 2466 inlata
463 2407 551 2485 sunt,
579 2403 625 2467 uti
652 2403 684 2466 in
706 2401 920 2468 Laurentiano
945 2423 1003 2488 per
1023 2404 1115 2487 signa
1137 2403 1162 2469 (1
1186 2409 1218 2468 31
1242 2403 1284 2469 02
1303 2404 1348 2468 ita
1370 2402 1421 2466 hic
1441 2422 1500 2486 per
1521 2401 1547 2466 P

335 2511 367 2570 et
387 2505 430 2570 Ρ2
463 2505 688 2590 distinguenda
712 2514 792 2573 3331.
845 2507 982 2590 denique
1007 2507 1040 2572 in
1062 2509 1155 2572 Italia
1177 2528 1304 2592 recens,
1339 2527 1433 2590 quam
1454 2505 1548 2570 facile

334 2605 517 2695 distinguis,
540 2631 653 2676 manus
671 2611 908 2696 interpolatam
929 2610 1051 2677 doctior
1073 2611 1200 2695 quidem
1215 2633 1275 2678 nec
1289 2619 1355 2676 tam
1369 2609 1548 2696 perniciosa

335 2733 430 2797 quam
453 2734 470 2778 3
492 2733 551 2798 per
573 2721 673 2781 totum
696 2714 838 2781 codicem
860 2723 1008 2799 grassata
1028 2723 1085 2782 est.
1131 2717 1274 2799 quamvis
1297 2715 1447 2781 Elmsleio
1469 2713 1549 2779 haec

334 2819 555 2903 imposuerint,
589 2837 649 2883 nec
676 2818 891 2885 Kirohhoffius
926 2821 1003 2884 33113
1034 2820 1074 2884 ab
1104 2820 1150 2884 313
1181 2820 1242 2885 sibi
1268 2839 1382 2884 cavere
1411 2817 1549 2902 potuerit

334 2920 429 3008 (unus
462 2927 569 2987 tamen
590 2928 651 3006 est,
682 2923 736 3004 qui
758 2921 840 2986 iusto
864 2942 903 2987 ea
924 2923 993 2987 1333
1016 2921 1174 3007 habuerit,
1202 2923 1337 2988 titubant
1360 2928 1391 2986 31
1412 2921 1548 2987 Dindor-

334 3025 395 3090 fius
419 3031 451 3090 31
472 3025 653 3110 1133313133,
683 3025 883 3110 inperitiores
905 3024 1089 3092 foedissime
1113 3023 1243 3114 cadunt)
1271 3025 1384 3092 eadem
1404 3031 1547 3091 constan-

334 3129 379 3194 tia
394 3149 504 3195 omnes
522 3129 618 3213 istae,
638 3129 774 3195 13313333
789 3129 926 3214 Μ33331,
951 3129 1149 3195 coniecturae
1164 3131 1196 3195 in
1215 3131 1399 3197 recensione
1414 3149 1546 3216 prorsus

333 3233 444 3319 procul
475 3232 642 3298 habendae
668 3238 742 3299 3331
749 3283 757 3319 ,
793 3233 826 3299 13
853 3233 1073 3302 emendatione
1104 3253 1212 3301 eorum
1241 3221 1270 3301 is
1299 3235 1367 3300 fere
1388 3254 1464 3301 usus
1486 3239 1543 3318 est,

423 3481 468 3551 10)
488 3483 529 3536 De
547 3482 654 3538 Danaes
672 3483 777 3552 origine
796 3484 923 3554 quoniam
935 3484 1100 3556 probabilem
1112 3503 1166 3541 333
1177 3485 1277 3550 habeo,
1296 3485 1398 3540 nullam
1410 3484 1548 3554 periclitor

334 3568 524 3624 coniecturam.

421 3655 465 3724 11)
483 3654 538 3708 Cur
555 3655 577 3708 P
595 3655 629 3709 ab
649 3655 741 3710 ordine
760 3663 787 3709 Φ
799 3657 954 3722 desciverit,
973 3657 1073 3726 partim
1085 3658 1204 3727 proximo
1217 3658 1286 3713 libro
1301 3657 1428 3722 elucebit,
1448 3657 1547 3725 partim

333 3759 367 3796 ne
386 3743 480 3810 quaeri
497 3741 605 3810 quidem
624 3745 723 3811 potest.
753 3745 920 3812 Byzantinae
939 3745 1010 3799 enim
1028 3743 1150 3800 lihidinis
1170 3748 1197 3800 31
1218 3752 1245 3798 φ
1263 3745 1322 3813 ipse
1341 3745 1368 3798 31
1386 3743 1547 3813 Aeschylos·

333 3844 394 3882 rum
412 3827 442 3880 in
458 3827 641 3882 Laurentiano
659 3830 706 3892 32,
725 3832 741 3886 9
759 3829 823 3884 ordo
842 3831 910 3885 33113
926 3833 1067 3886 luculenta
1084 3832 1217 3900 exempla.
1245 3847 1279 3884 ne
1297 3829 1326 3884 id
1340 3829 1446 3900 quidem
1459 3829 1547 3884 dicere

333 3913 433 3977 ausim,
452 3913 579 3969 interisse
595 3917 653 3970 tres
671 3917 772 3984 primas
785 3917 926 3986 Sophoclis
944 3919 1051 3974 fabulas
1069 3919 1098 3972 in
1113 3925 1152 3983 Φ,
1173 3934 1233 3972 cum
1246 3917 1274 3972 in
1285 3917 1308 3972 P
1320 3933 1373 3970 uon
1386 3916 1547 3984 adpareaut;

333 4015 396 4054 nam
419 3999 500 4053 nimis
524 4003 590 4056 uota
613 4017 630 4056 a
647 4001 669 4055 P
686 4003 786 4057 omissa
805 4020 863 4059 esse
880 4005 997 4074 probant
1013 4003 1125 4060 Hecuba
1143 4003 1251 4060 Orestes
1269 4001 1433 4057 Phoenissae
1452 4002 1547 4056 absen-

331 4088 387 4150 133,
419 4103 532 4155 quarum
550 4087 574 4141 31
592 4088 723 4143 voluisset
739 4091 837 4146 habere
856 4095 963 4162 poterat
982 4093 1103 4161 exempla
1109 4111 1116 4152 ς
1136 4093 1165 4145 31
1184 4089 1311 4156 Aeschyli
1325 4085 1400 4156 'apud
1417 4087 1547 4164 Byzanti-

331 4189 381 4226 nos
397 4189 458 4226 raro
477 4173 625 4230 extiterunt
642 4179 751 4244 praeter
768 4180 824 4232 tres
842 4180 944 4249 primas
962 4179 1128 4249 tragoediae.

403 4259 447 4327 12)
467 4258 643 4316 Conlatorum
662 4281 736 4318 error
755 4268 808 4332 est,
828 4267 910 4321 aliam
929 4283 1040 4320 manum
1058 4283 1097 4318 vs.
1111 4264 1181 4320 1512
1199 4263 1216 4316 i.
1231 4280 1253 4315 3.
1273 4261 1375 4331 pagina
1394 4259 1463 4314 141ὓ
1480 4261 1547 4313 1331·

330 4361 406 4415 pere,
426 4362 489 4400 nam
500 4347 574 4413 ,duos
592 4350 703 4405 ultimos
721 4353 858 4422 proximae
876 4355 995 4426 paginae
1008 4352 1079 4408 1461
1098 4367 1191 4405 versus
1211 4347 1304 4402 eadem
1323 4346 1440 4416 scripsit.
1476 4349 1548 4400 3313-

328 4447 388 4484 rum
415 4432 445 4486 in
477 4433 621 4492 iudicanda
648 4439 753 4506 origine
780 4441 857 4496 exodi
884 4443 954 4498 hanc
981 4439 1168 4510 quaestionem
1195 4435 1297 4488 nullius
1324 4451 1382 4487 esse
1408 4433 1547 4500 momenti,

327 4517 521 4586 intellegentes
544 4525 741 4581 existimatores
763 4528 807 4584 his
831 4527 1077 4602 disputationibus,
1106 4525 1203 4594 quibus
1226 4538 1290 4578 saue
1314 4519 1385 4574 idem
1407 4521 1546 4590 probatur,

328 4603 487 4666 docerentur
505 4626 558 4664 333
578 4614 726 4687 oportebat.
