3594 5292
791 397 813 456 I.
828 403 856 456 6.
1394 401 1430 462 45

354 570 404 627 hoo
428 571 603 642 probabiliori
626 573 705 629 modo
732 575 864 643 erplioare
891 588 1008 642 nequeo,
1036 588 1117 642 quam
1141 575 1172 628 ut
1189 572 1256 630 mihi
1275 593 1379 632 sumam
1401 584 1429 631 Φ

353 657 492 734 εὐφρόνην
516 659 658 727 habuisse,
692 659 831 734 εὐφρόνης
854 658 938 716 σκιύν
962 680 991 731 φ.
1034 657 1104 728 quod
1130 661 1208 716 modo
1233 663 1273 717 ita
1300 664 1429 732 scripturi]

340 751 346 760 ·
543 755 643 854 ηἵσιιιύν

353 848 436 905 fuerit
454 850 569 925 εὐφρόν·
647 897 654 922 ,
669 853 763 921 lapsus
776 849 991 920 apographorum
1004 847 1073 902 nihil
1083 848 1190 904 obscuri
1198 849 1313 918 habent3
1326 851 1348 907 C
1361 854 1430 908 osei-

353 939 445 992 tanter
461 943 568 1008 partem
583 941 709 997 leotiouis
726 959 748 1010 φ
768 939 876 1002 omisit,
895 938 970 991 euius
987 951 1121 1005 quaenam
1139 937 1168 990 in
1189 937 1241 992 hae
1258 940 1430 1009 potissimum

353 1023 447 1080 fabula
464 1027 532 1084 fidos
550 1029 599 1093 sit,
618 1027 741 1098 quaestio
762 1028 804 1081 est
820 1041 891 1078 nuno
910 1023 1018 1078 demum
1035 1025 1107 1078 reete
1125 1023 1284 1080 inoohanda.

213 1110 318 1168 vs.260
352 1113 416 1180 pest
440 1113 511 1168 huno
538 1131 644 1170 versum
667 1115 697 1167 in
720 1114 743 1167 P
766 1112 878 1167 duorum
903 1126 1029 1164 versuum
1053 1110 1172 1180 spatium
1196 1127 1322 1180 vaenum,
1355 1113 1384 1168 in
1407 1115 1428 1170 O

353 1199 477 1255 oolumna
494 1217 525 1255 eo
543 1201 720 1265 terminatur,
738 1200 790 1256 261
810 1199 925 1253 omissus
943 1200 971 1253 et
988 1197 1017 1251 in
1035 1196 1167 1266 principio
1186 1215 1273 1252 novae
1292 1199 1431 1256 oolumnae

354 1285 462 1341 additus
482 1291 537 1352 est,
554 1292 586 1342 ut
603 1288 648 1343 hio
666 1287 765 1342 oodiois
785 1283 806 1340 C
825 1285 987 1340 auctoritate
1005 1284 1202 1346 destituamur;
1221 1289 1251 1339 at
1269 1287 1351 1340 etiam
1367 1292 1431 1357 post

353 1371 407 1430 812
423 1379 480 1429 tres
498 1391 592 1429 versus
611 1373 687 1429 vaeui
704 1374 734 1427 in
751 1373 787 1436 P,
806 1388 860 1426 non
878 1389 941 1426 vero
959 1372 988 1426 in
1007 1371 1038 1425 0.
1074 1371 1203 1425 iudicium
1223 1373 1341 1428 rehibeo.

266 1457 317 1512 317
353 1459 385 1512 ἔα
402 1467 444 1519 τίς
461 1459 558 1528 δήποτ’
577 1463 607 1517 ἐν
626 1459 757 1516 πύλαιαιι
780 1456 900 1533 θόρυβος
917 1460 975 1511 ἐστὶ
990 1462 1038 1511 καὶ
1056 1457 1147 1527 λόγων
1165 1459 1289 1531 ἀκοσμία
1307 1459 1328 1514 C
1345 1461 1432 1516 voluit

353 1545 450 1616 igitur,
469 1547 515 1618 qui
534 1549 595 1602 ἐστι
610 1546 799 1618 interpolavit,
818 1546 954 1600 senarium
974 1562 1004 1602 ss
1021 1544 1142 1615 dignum.
1173 1544 1208 1600 0²
1228 1545 1299 1602 huno
1318 1549 1362 1602 vel
1374 1548 1429 1605 ele-

354 1636 506 1704 gantiorem
523 1635 649 1706 procudit
666 1635 833 1694 octonarium

512 1730 554 1783 τίς
572 1723 630 1790 δῆτ’
649 1725 679 1777 ἐν
693 1719 797 1782 πύλαις
814 1718 938 1795 θόρυβος
956 1723 1003 1774 καὶ
1024 1717 1114 1790 λόγων
1132 1718 1264 1792 ἀκοσμία.

354 1808 377 1861 Ρ
396 1825 428 1863 er
445 1811 561 1879 utraque
579 1809 695 1866 leotiono
713 1826 782 1881 quae
801 1807 854 1862 sibi
871 1808 936 1877 apta
953 1806 1121 1871 viderentur,
1142 1807 1227 1877 elegit

547 1898 579 1950 ἔα
636 1904 677 1957 τίς
696 1898 753 1964 δῆτ’
772 1898 803 1950 ἐν
819 1895 955 1950 πύλαισιν

633 1983 753 2060 θόρυβος
805 1987 852 2036 καὶ
870 1982 961 2053 λόγων
978 1982 1111 2053 ἀκοσμία.

359 2069 435 2126 vides
458 2071 501 2126 hio
525 2085 631 2142 quoque
652 2071 770 2141 vestigia
793 2070 879 2126 falsae
899 2069 1008 2140 quidem
1027 2072 1057 2124 at
1071 2071 1215 2138 primariae
1233 2072 1358 2127 lectionis
1377 2090 1432 2128 nou

356 2157 465 2226 penitus
483 2158 618 2214 interisse.
648 2161 728 2228 atque
745 2159 790 2214 vel
804 2159 862 2212 sine
880 2173 929 2226 ope
948 2158 1119 2226 grammatioi
1131 2157 1230 2214 hneod.
1243 2159 1328 2214 Bekk.
1340 2159 1431 2226 369,8

355 2259 447 2298 verum
465 2261 496 2298 en
513 2245 535 2298 C
553 2245 739 2301 eliouissemus

600 2333 643 2461 {dc
659 2403 722 2456 ποτ’
742 2402 773 2456 ἔν
791 2401 909 2454 πύλαισι
930 2397 1050 2476 θόρυβος
1069 2421 1093 2458 ιι.
1112 2404 1135 2455 λ.
1153 2401 1181 2455 ἆ.

255 2485 324 2544 1014
354 2485 410 2562 χρή
428 2488 460 2542 Ρ.
493 2492 564 2560 χρῆς
580 2488 612 2544 G.

265 2571 267 2576 '
355 2574 486 2630 babemus
510 2591 573 2645 ergo
593 2575 635 2630 ὅτι
653 2575 685 2630 δὲ
699 2580 769 2650 χρῇς
785 2591 822 2646 με
842 2575 912 2650 δρᾶν
931 2572 1050 2649 φράσον.
1086 2576 1233 2645 amplector
1251 2575 1320 2630 bauo
1338 2575 1433 2632 laetio-¹

356 2679 431 2726 nem;
457 2679 615 2731 persuasum
636 2663 708 2717 enim
730 2663 816 2718 habeo
848 2662 955 2732 saepius
973 2662 1093 2732 tragicos
1111 2662 1162 2717 hao
1179 2662 1264 2716 forma
1282 2679 1346 2718 usos
1364 2679 1431 2724 esse,
1461 2683 1464 2690 ·

355 2750 398 2802 oui
426 2749 533 2804 librarii
559 2749 603 2802 vix
632 2758 758 2819 umquam
788 2752 978 2819 pepercerunt,
1018 2749 1094 2803 ouius
1120 2749 1159 2803 rei
1189 2749 1432 2804 luculentissimum

356 2837 509 2906 exemplum
528 2838 571 2891 est
582 2837 664 2905 Hipp.
681 2837 745 2901 345,
766 2835 812 2892 ubi
826 2837 881 2911 χρή
899 2853 953 2890 non
966 2836 1052 2890 solum
1064 2836 1201 2905 Euripidis
1214 2837 1317 2891 oodioes
1329 2837 1432 2890 habent

357 2923 404 2978 red
427 2923 619 2993 Aristophanis
650 2941 754 2993 quoque
785 2925 868 2994 longe
900 2925 1025 2978 meliores
1039 2931 1043 2942 ’
1056 2923 1124 2992 equ.
1150 2925 1191 2978 16.
1218 2929 1288 2997 χρῇς
1310 2923 1433 2978 restituit

354 3009 497 3080 Bergidus.
538 3013 677 3079 praeterea
708 3011 837 3065 memoria
862 3015 942 3066 teneo
966 3011 1048 3080 Soph.
1072 3009 1115 3066 nl.
1135 3012 1186 3066 606
1210 3011 1257 3065 ubi
1279 3010 1432 3066 Wunderus

352 3104 422 3170 χρῇς
438 3100 558 3167 repperit
576 3101 604 3152 et
621 3097 716 3152 Helen.
736 3099 804 3156 1083
828 3097 915 3152 ubic
938 3105 1027 3170 χρῆν,
1046 3096 1143 3173 opem
1162 3113 1211 3168 ego
1232 3102 1302 3172 χρῇς
1320 3099 1431 3166 praetu-

358 3184 446 3239 lerim.
483 3188 513 3239 at
530 3185 718 3254 plerorumque
736 3185 855 3240 looorum
874 3201 928 3240 non
946 3185 1065 3240 memini.

252 3270 321 3324 1339
358 3279 425 3332 θεὰς
443 3275 522 3325 παῖδ’
544 3280 564 3324 ui
585 3278 681 3325 τέκνων
698 3270 727 3324 0.
1120 3267 1123 3276 ’

357 3361 425 3417 θεᾶς
434 3358 556 3426 Ἀχιλλέα
573 3362 673 3412 τέκνον
690 3357 720 3410 P.
756 3356 783 3427 γ’
802 3360 865 3425 post
879 3361 974 3410 τέκνον
991 3358 1114 3412 inserunt
1131 3354 1210 3411 P¹C¹.

357 3443 433 3498 loeus
459 3444 657 3507 conclamatus,
683 3441 712 3496 id
735 3459 861 3498 verume
885 3441 973 3497 iudioe
993 3445 1094 3498 eertum
1113 3448 1169 3512 est,
1194 3443 1217 3498 P
1234 3444 1326 3513 glossa
1344 3444 1431 3498 inter·

358 3531 457 3586 lineari
475 3535 605 3600 tanquam
622 3529 738 3584 leotione
757 3551 780 3600 φ
799 3545 878 3584 uuum
896 3545 963 3584 esse.

306 3619 450 3686 Tandem
483 3619 565 3684 hano
598 3637 723 3701 quoque
752 3616 970 3684 dffioillimam
998 3617 1139 3684 fabulam
1168 3617 1332 3684 adfinem
1360 3639 1431 3704 per-

215 3723 430 3790 lustravimus.
474 3723 569 3806 longe
591 3723 687 3788 aliem
707 3722 741 3788 in
763 3742 804 3788 ea
820 3726 852 3786 Φ
865 3743 929 3788 uon
944 3723 1046 3790 solum
1061 3722 1120 3790 sed
1135 3722 1230 3788 etiam
1245 3723 1433 3808 apographa

216 3828 373 3912 praebent
393 3827 565 3910 imaginem
586 3832 682 3909 atque
703 3823 737 3892 ih
758 3826 883 3892 ueteris.
928 3827 1014 3910 quod
1028 3827 1054 3892 P
1070 3826 1199 3910 quidem
1213 3827 1317 3892 minus
1332 3847 1430 3911 saepe

217 3951 343 4000 enasse
373 3931 512 4012 videtur,
545 3949 737 4013 quamquam
763 3931 816 3998 vel
846 3931 892 3996 sio
921 3931 1050 3998 laudem
1071 3952 1134 3998 non
1155 3931 1283 4016 uomit,
1315 3932 1431 4016 partim

217 4035 293 4103 inde
314 4036 432 4102 fautum
454 4042 521 4120 est,
544 4034 630 4118 quod
651 4035 696 4100 Ρ2
717 4055 788 4100 eum
810 4040 858 4100 tot
878 4036 1031 4102 leotiones
1054 4035 1187 4100 adderet
1216 4035 1314 4100 multe
1339 4036 1432 4120 plura

218 4139 393 4206 leviuseule
422 4140 573 4224 correxit,
603 4159 685 4222 quae
716 4159 777 4222 ego
807 4139 982 4206 omittenda
1001 4139 1093 4224 duxi3
1123 4139 1240 4223 partim
1261 4159 1337 4204 vero
1358 4159 1432 4206 mea

219 4245 330 4330 eulpa,
361 4246 453 4327 siqua
475 4250 539 4310 ests
571 4264 646 4309 uam
675 4249 780 4308 utrum
807 4266 836 4308 ει
867 4250 899 4312 et
921 4268 934 4308 ι
957 4250 989 4309 et
1010 4266 1057 4329 ει,
1088 4267 1114 4307 ω
1137 4248 1169 4308 et
1191 4265 1209 4306 o
1231 4241 1363 4308 eoniusa
1387 4243 1432 4307 Ρ*

220 4368 262 4414 an
282 4369 304 4434 p
327 4349 517 4434 eorrexerit,
539 4354 643 4414 utrum
657 4348 702 4413 Ρ8
724 4368 765 4413 an
779 4369 801 4432 p
816 4348 955 4414 litteram
970 4368 1046 4414 easu
1056 4347 1211 4414 omissam
1226 4347 1431 4432 suppleverit,

220 4472 344 4518 summa
366 4453 528 4520 oculorum
550 4453 722 4518 intentione
744 4471 899 4535 quaerere
921 4453 1015 4518 inane
1038 4451 1128 4516 daeo.
1154 4456 1200 4532 ¹at
1220 4449 1326 4516 herole
1346 4449 1432 4534 quod

219 4573 259 4622 ex
279 4557 417 4623 Taurica
437 4555 604 4641 Iphigenia
633 4556 667 4622 in
694 4555 831 4623 olassem
853 4557 987 4622 alteram
1009 4555 1140 4638 triginta
1161 4559 1296 4636 quatuor
1317 4573 1430 4624 versus
