<?xml version="1.0" encoding="UTF-8"?>
<!DOCTYPE html PUBLIC "-//W3C//DTD XHTML 1.0 Transitional//EN"
    "http://www.w3.org/TR/xhtml1/DTD/xhtml1-transitional.dtd">
<html xmlns="http://www.w3.org/1999/xhtml" xml:lang="en" lang="en">
 <head>
  <title>
</title>
<meta http-equiv="Content-Type" content="text/html;charset=utf-8" />
  <meta name='ocr-system' content='tesseract 3.04.00' />
  <meta name='ocr-capabilities' content='ocr_page ocr_carea ocr_par ocr_line ocrx_word'/>
</head>
<body>
  <div class='ocr_page' id='page_1' title='image "./analectaevripid00moegoog_0098.png"; bbox 0 0 3626 5288; ppageno 0'>
   <div class='ocr_carea' id='block_1_1' title="bbox 473 567 1258 1393">
    <p class='ocr_par' dir='ltr' id='par_1_1' title="bbox 473 567 1237 868">
     <span class='ocr_line' id='line_1_1' title="bbox 473 567 1237 660; baseline 0.004 -25"><span class='ocrx_word' id='word_1_1' title='bbox 473 567 511 637; x_wconf 84' lang='grc' dir='ltr'><em>τὸ</em></span> <span class='ocrx_word' id='word_1_2' title='bbox 535 571 664 660; x_wconf 78' lang='grc' dir='ltr'><em>πλῆθος</em></span> <span class='ocrx_word' id='word_1_3' title='bbox 685 567 719 638; x_wconf 79' lang='grc' dir='ltr'>εἴ</span> <span class='ocrx_word' id='word_1_4' title='bbox 736 597 768 638; x_wconf 91' lang='grc' dir='ltr'><em>τι</em></span> <span class='ocrx_word' id='word_1_5' title='bbox 790 568 985 656; x_wconf 75' lang='grc' dir='ltr'><em>βλάπτεται,</em></span> <span class='ocrx_word' id='word_1_6' title='bbox 1009 567 1127 654; x_wconf 91' lang='grc' dir='ltr'><em>πάσχει</em></span> <span class='ocrx_word' id='word_1_7' title='bbox 1149 570 1237 640; x_wconf 79' lang='grc' dir='ltr'><em>τάδε.</em></span> 
     </span>
     <span class='ocr_line' id='line_1_2' title="bbox 474 672 1234 764; baseline 0.008 -26"><span class='ocrx_word' id='word_1_8' title='bbox 474 679 559 760; x_wconf 82' lang='grc' dir='ltr'><strong><em>τρεῖς</em></strong></span> <span class='ocrx_word' id='word_1_9' title='bbox 581 675 641 763; x_wconf 84' lang='grc' dir='ltr'>γὰρ</span> <span class='ocrx_word' id='word_1_10' title='bbox 664 679 807 744; x_wconf 90' lang='grc' dir='ltr'><em>πολιτῶν</em></span> <span class='ocrx_word' id='word_1_11' title='bbox 827 674 972 764; x_wconf 78' lang='grc' dir='ltr'><em>μερίδες,</em></span> <span class='ocrx_word' id='word_1_12' title='bbox 996 672 1030 743; x_wconf 78' lang='lat' dir='ltr'>o‘d</span> <span class='ocrx_word' id='word_1_13' title='bbox 1049 675 1106 760; x_wconf 83' lang='grc' dir='ltr'>μέν</span> <span class='ocrx_word' id='word_1_14' title='bbox 1128 673 1234 762; x_wconf 71' lang='grc' dir='ltr'><em>ὄλβιοι</em></span> 
     </span>
     <span class='ocr_line' id='line_1_3' title="bbox 473 775 1080 868; baseline 0.005 -25"><span class='ocrx_word' id='word_1_15' title='bbox 473 779 647 867; x_wconf 82' lang='grc' dir='ltr'><em>ἀνωφελεῖς</em></span> <span class='ocrx_word' id='word_1_16' title='bbox 668 805 703 846; x_wconf 89' lang='grc' dir='ltr'>τε</span> <span class='ocrx_word' id='word_1_17' title='bbox 725 777 883 850; x_wconf 87' lang='grc' dir='ltr'><em>πλειόνων</em></span> <span class='ocrx_word' id='word_1_18' title='bbox 905 778 994 868; x_wconf 78' lang='grc' dir='ltr'><em>ἐρῶσ’</em></span> <span class='ocrx_word' id='word_1_19' title='bbox 1019 775 1080 858; x_wconf 84' lang='grc' dir='ltr'><em>άεί,</em></span> 
     </span>
    </p>

    <p class='ocr_par' dir='ltr' id='par_1_2' title="bbox 474 872 1186 968">
     <span class='ocr_line' id='line_1_4' title="bbox 474 872 1186 968; baseline 0.004 -19"><span class='ocrx_word' id='word_1_20' title='bbox 474 879 509 949; x_wconf 82' lang='grc' dir='ltr'><em>οἳ</em></span> <span class='ocrx_word' id='word_1_21' title='bbox 528 885 555 950; x_wconf 87' lang='lat' dir='ltr'>d&#39;</span> <span class='ocrx_word' id='word_1_22' title='bbox 578 880 668 952; x_wconf 74' lang='grc' dir='ltr'><em>οὐδέν</em></span> <span class='ocrx_word' id='word_1_23' title='bbox 693 882 782 966; x_wconf 78' lang='grc' dir='ltr'><em>’ὄντες</em></span> <span class='ocrx_word' id='word_1_24' title='bbox 804 885 858 952; x_wconf 81' lang='grc' dir='ltr'>καὶ</span> <span class='ocrx_word' id='word_1_25' title='bbox 880 872 1092 968; x_wconf 76' lang='grc' dir='ltr'><em>σπανίζοντες</em></span> <span class='ocrx_word' id='word_1_26' title='bbox 1113 883 1186 968; x_wconf 84' lang='grc' dir='ltr'><em>βίου</em></span> 
     </span>
    </p>

    <p class='ocr_par' dir='ltr' id='par_1_3' title="bbox 473 985 1258 1393">
     <span class='ocr_line' id='line_1_5' title="bbox 473 985 1136 1078; baseline 0.002 -24"><span class='ocrx_word' id='word_1_27' title='bbox 473 985 507 1066; x_wconf 78' lang='grc' dir='ltr'>ἒς</span> <span class='ocrx_word' id='word_1_28' title='bbox 528 988 600 1068; x_wconf 76' lang='grc' dir='ltr'><em>τοὺς</em></span> <span class='ocrx_word' id='word_1_29' title='bbox 625 985 753 1072; x_wconf 72' lang='grc' dir='ltr'><em>ἔχοντας</em></span> <span class='ocrx_word' id='word_1_30' title='bbox 775 988 873 1078; x_wconf 77' lang='grc' dir='ltr'><em>κέντρ’</em></span> <span class='ocrx_word' id='word_1_31' title='bbox 897 987 1032 1078; x_wconf 81' lang='grc' dir='ltr'><em>ἀφιᾶσιν</em></span> <span class='ocrx_word' id='word_1_32' title='bbox 1055 989 1136 1056; x_wconf 86' lang='grc' dir='ltr'><em>κακὰ</em></span> 
     </span>
     <span class='ocr_line' id='line_1_6' title="bbox 473 1087 1244 1186; baseline 0.003 -28"><span class='ocrx_word' id='word_1_33' title='bbox 473 1087 635 1176; x_wconf 74' lang='grc' dir='ltr'><em>γλώσσαις</em></span> <span class='ocrx_word' id='word_1_34' title='bbox 657 1101 804 1186; x_wconf 81' lang='grc' dir='ltr'><em>πονηρῶν</em></span> <span class='ocrx_word' id='word_1_35' title='bbox 828 1099 1018 1182; x_wconf 82' lang='grc' dir='ltr'><em>προστατῶν</em></span> <span class='ocrx_word' id='word_1_36' title='bbox 1038 1090 1244 1182; x_wconf 81' lang='grc' dir='ltr'><em>φηλούμενοι·</em></span> 
     </span>
     <span class='ocr_line' id='line_1_7' title="bbox 473 1195 1234 1286; baseline 0.003 -25"><span class='ocrx_word' id='word_1_37' title='bbox 473 1203 568 1282; x_wconf 87' lang='grc' dir='ltr'><em>τριῶν</em></span> <span class='ocrx_word' id='word_1_38' title='bbox 591 1196 626 1264; x_wconf 82' lang='grc' dir='ltr'>δέ</span> <span class='ocrx_word' id='word_1_39' title='bbox 646 1203 768 1284; x_wconf 81' lang='grc' dir='ltr'><em>μοιρῶν</em></span> <span class='ocrx_word' id='word_1_40' title='bbox 789 1196 808 1286; x_wconf 77' lang='grc' dir='ltr'><em>ἡ</em></span> <span class='ocrx_word' id='word_1_41' title='bbox 832 1199 856 1264; x_wconf 84' lang='grc' dir='ltr'><em>’ν</em></span> <span class='ocrx_word' id='word_1_42' title='bbox 877 1198 967 1286; x_wconf 86' lang='grc' dir='ltr'><em>μέσφ</em></span> <span class='ocrx_word' id='word_1_43' title='bbox 990 1195 1085 1286; x_wconf 85' lang='grc' dir='ltr'><em>σφ’ζει</em></span> <span class='ocrx_word' id='word_1_44' title='bbox 1107 1198 1234 1286; x_wconf 81' lang='grc' dir='ltr'><em>πάτραν</em></span> 
     </span>
     <span class='ocr_line' id='line_1_8' title="bbox 473 1299 1258 1393; baseline 0.006 -28"><span class='ocrx_word' id='word_1_45' title='bbox 473 1299 594 1384; x_wconf 86' lang='grc' dir='ltr'><em>κόσμον</em></span> <span class='ocrx_word' id='word_1_46' title='bbox 615 1301 809 1390; x_wconf 86' lang='grc' dir='ltr'><em>φυλάσσουσ’</em></span> <span class='ocrx_word' id='word_1_47' title='bbox 832 1301 924 1370; x_wconf 82' lang='grc' dir='ltr'><em>ὅντιν’</em></span> <span class='ocrx_word' id='word_1_48' title='bbox 944 1300 983 1370; x_wconf 72' lang='grc' dir='ltr'><em>ἂν</em></span> <span class='ocrx_word' id='word_1_49' title='bbox 1003 1302 1081 1393; x_wconf 76' lang='grc' dir='ltr'><em>τάξφ</em></span> <span class='ocrx_word' id='word_1_50' title='bbox 1104 1299 1209 1378; x_wconf 83' lang='grc' dir='ltr'><em>πόλις.</em></span> <span class='ocrx_word' id='word_1_51' title='bbox 1256 1313 1258 1319; x_wconf 72' lang='lat'><strong><em>‘</em></strong></span> 
     </span>
    </p>
   </div>
   <div class='ocr_carea' id='block_1_2' title="bbox 473 1476 1269 1776">
    <p class='ocr_par' dir='ltr' id='par_1_4' title="bbox 473 1476 1269 1776">
     <span class='ocr_line' id='line_1_9' title="bbox 475 1476 1269 1566; baseline 0.004 -26"><span class='ocrx_word' id='word_1_52' title='bbox 475 1476 625 1562; x_wconf 82' lang='grc' dir='ltr'><em>λαμπρὸν</em></span> <span class='ocrx_word' id='word_1_53' title='bbox 644 1477 679 1544; x_wconf 79' lang='grc' dir='ltr'>δέ</span> <span class='ocrx_word' id='word_1_54' title='bbox 702 1481 831 1566; x_wconf 76' lang='grc' dir='ltr'><em>θολερῷ</em></span> <span class='ocrx_word' id='word_1_55' title='bbox 855 1484 947 1564; x_wconf 85' lang='grc' dir='ltr'><em>σῶμα</em></span> <span class='ocrx_word' id='word_1_56' title='bbox 970 1476 1129 1564; x_wconf 81' lang='grc' dir='ltr'><em>συμμίξας</em></span> <span class='ocrx_word' id='word_1_57' title='bbox 1150 1477 1187 1546; x_wconf 85' lang='grc' dir='ltr'><em>τὸ</em></span> <span class='ocrx_word' id='word_1_58' title='bbox 1211 1477 1269 1545; x_wconf 83' lang='grc' dir='ltr'>σὸν</span> 
     </span>
     <span class='ocr_line' id='line_1_10' title="bbox 474 1576 1204 1673; baseline 0.003 -27"><span class='ocrx_word' id='word_1_59' title='bbox 474 1576 621 1668; x_wconf 80' lang='grc' dir='ltr'><em>ἥλκωσας</em></span> <span class='ocrx_word' id='word_1_60' title='bbox 643 1577 765 1662; x_wconf 81' lang='grc' dir='ltr'><em>οἴκους·</em></span> <span class='ocrx_word' id='word_1_61' title='bbox 793 1586 870 1672; x_wconf 82' lang='grc' dir='ltr'><em>χρῆν</em></span> <span class='ocrx_word' id='word_1_62' title='bbox 893 1583 953 1673; x_wconf 85' lang='grc' dir='ltr'>γάρ</span> <span class='ocrx_word' id='word_1_63' title='bbox 978 1581 1050 1650; x_wconf 73' lang='lat' dir='ltr'>odire</span> <span class='ocrx_word' id='word_1_64' title='bbox 1070 1578 1204 1667; x_wconf 85' lang='grc' dir='ltr'><em>σώματα</em></span> 
     </span>
     <span class='ocr_line' id='line_1_11' title="bbox 473 1679 1175 1776; baseline 0.007 -27"><span class='ocrx_word' id='word_1_65' title='bbox 473 1679 570 1750; x_wconf 69' lang='lat' dir='ltr'>derce</span> <span class='ocrx_word' id='word_1_66' title='bbox 593 1683 733 1765; x_wconf 80' lang='grc' dir='ltr'><em>δικαίοις</em></span> <span class='ocrx_word' id='word_1_67' title='bbox 754 1686 809 1754; x_wconf 87' lang='grc' dir='ltr'>τὸν</span> <span class='ocrx_word' id='word_1_68' title='bbox 827 1686 931 1776; x_wconf 85' lang='grc' dir='ltr'><em>σοφὸν</em></span> <span class='ocrx_word' id='word_1_69' title='bbox 954 1681 1175 1776; x_wconf 81' lang='grc' dir='ltr'><em>συμμιγνύναι,</em></span> 
     </span>
    </p>
   </div>
   <div class='ocr_carea' id='block_1_3' title="bbox 238 1871 1239 1962">
    <p class='ocr_par' dir='ltr' id='par_1_5' title="bbox 238 1871 1239 1962">
     <span class='ocr_line' id='line_1_12' title="bbox 238 1871 1239 1962; baseline 0.002 -24"><span class='ocrx_word' id='word_1_70' title='bbox 238 1883 297 1939; x_wconf 88' lang='grc'>241</span> <span class='ocrx_word' id='word_1_71' title='bbox 474 1873 575 1940; x_wconf 74' lang='grc' dir='ltr'><em>δεινοί</em></span> <span class='ocrx_word' id='word_1_72' title='bbox 598 1873 745 1958; x_wconf 78' lang='grc' dir='ltr'><em>νέμοντες</em></span> <span class='ocrx_word' id='word_1_73' title='bbox 768 1878 814 1962; x_wconf 76' lang='grc' dir='ltr'><em>τῷ</em></span> <span class='ocrx_word' id='word_1_74' title='bbox 835 1871 954 1962; x_wconf 71' lang='grc' dir='ltr'><em>φθόνῳ</em></span> <span class='ocrx_word' id='word_1_75' title='bbox 977 1877 1090 1941; x_wconf 85' lang='grc' dir='ltr'><em>πλεῖον</em></span> <span class='ocrx_word' id='word_1_76' title='bbox 1112 1871 1207 1962; x_wconf 91' lang='grc' dir='ltr'><em>μέρος</em></span> <span class='ocrx_word' id='word_1_77' title='bbox 1237 1951 1239 1957; x_wconf 11' lang='lat' dir='ltr'>k</span> 
     </span>
    </p>
   </div>
   <div class='ocr_carea' id='block_1_4' title="bbox 252 2045 1522 4633">
    <p class='ocr_par' dir='ltr' id='par_1_6' title="bbox 253 2045 776 2114">
     <span class='ocr_line' id='line_1_13' title="bbox 253 2045 776 2114; baseline 0.008 -17"><span class='ocrx_word' id='word_1_78' title='bbox 253 2046 303 2099; x_wconf 79' lang='grc'><strong>237</strong></span> <span class='ocrx_word' id='word_1_79' title='bbox 339 2046 450 2114; x_wconf 77' lang='grc' dir='ltr'><em>πάσχον</em></span> <span class='ocrx_word' id='word_1_80' title='bbox 470 2051 503 2100; x_wconf 77' lang='grc' dir='ltr'>Φ.</span> <span class='ocrx_word' id='word_1_81' title='bbox 540 2062 605 2100; x_wconf 88' lang='lat' dir='ltr'>corr.</span> <span class='ocrx_word' id='word_1_82' title='bbox 623 2045 776 2114; x_wconf 75' lang='lat' dir='ltr'>Kircbboff.</span> 
     </span>
    </p>

    <p class='ocr_par' dir='ltr' id='par_1_7' title="bbox 254 2133 781 2200">
     <span class='ocr_line' id='line_1_14' title="bbox 254 2133 781 2200; baseline 0.008 -14"><span class='ocrx_word' id='word_1_83' title='bbox 254 2133 408 2188; x_wconf 88' lang='grc'><strong>238-245.</strong></span> <span class='ocrx_word' id='word_1_84' title='bbox 446 2133 700 2200; x_wconf 71' lang='lat' dir='ltr'>Stobeeusi3,10.</span> <span class='ocrx_word' id='word_1_85' title='bbox 779 2147 781 2152; x_wconf 90' lang='grc'><strong><em>·</em></strong></span> 
     </span>
    </p>

    <p class='ocr_par' dir='ltr' id='par_1_8' title="bbox 253 2218 1096 2290">
     <span class='ocr_line' id='line_1_15' title="bbox 253 2218 1096 2290; baseline 0.002 -18"><span class='ocrx_word' id='word_1_86' title='bbox 253 2219 305 2272; x_wconf 85' lang='grc'><strong>238</strong></span> <span class='ocrx_word' id='word_1_87' title='bbox 341 2221 368 2271; x_wconf 75' lang='grc' dir='ltr'><em>οἳ</em></span> <span class='ocrx_word' id='word_1_88' title='bbox 387 2218 441 2290; x_wconf 83' lang='grc' dir='ltr'>γὰρ</span> <span class='ocrx_word' id='word_1_89' title='bbox 463 2225 497 2273; x_wconf 76' lang='grc' dir='ltr'>Φ.</span> <span class='ocrx_word' id='word_1_90' title='bbox 534 2220 674 2275; x_wconf 89' lang='lat' dir='ltr'>emendate</span> <span class='ocrx_word' id='word_1_91' title='bbox 693 2220 825 2275; x_wconf 83' lang='lat' dir='ltr'>Stobaeus</span> <span class='ocrx_word' id='word_1_92' title='bbox 844 2223 872 2274; x_wconf 89' lang='lat' dir='ltr'>et</span> <span class='ocrx_word' id='word_1_93' title='bbox 890 2237 920 2274; x_wconf 82' lang='lat' dir='ltr'>ex</span> <span class='ocrx_word' id='word_1_94' title='bbox 938 2220 1052 2274; x_wconf 84' lang='lat' dir='ltr'>Stobaeo</span> <span class='ocrx_word' id='word_1_95' title='bbox 1070 2237 1096 2288; x_wconf 87' lang='lat' dir='ltr'>p.</span> 
     </span>
    </p>

    <p class='ocr_par' dir='ltr' id='par_1_9' title="bbox 254 2305 1444 2549">
     <span class='ocr_line' id='line_1_16' title="bbox 254 2305 1444 2377; baseline -0.002 -15"><span class='ocrx_word' id='word_1_96' title='bbox 254 2307 305 2362; x_wconf 81' lang='grc'><strong>239</strong></span> <span class='ocrx_word' id='word_1_97' title='bbox 341 2305 493 2377; x_wconf 75' lang='grc' dir='ltr'><em>ἀνωφελεῖς</em></span> <span class='ocrx_word' id='word_1_98' title='bbox 512 2307 545 2360; x_wconf 76' lang='grc' dir='ltr'>δέ</span> <span class='ocrx_word' id='word_1_99' title='bbox 561 2307 634 2362; x_wconf 84' lang='lat' dir='ltr'>Stob.</span> <span class='ocrx_word' id='word_1_100' title='bbox 670 2306 810 2361; x_wconf 84' lang='grc' dir='ltr'><em>πλειόνων</em></span> <span class='ocrx_word' id='word_1_101' title='bbox 828 2308 851 2360; x_wconf 89' lang='grc' dir='ltr'><em>τ’</em></span> <span class='ocrx_word' id='word_1_102' title='bbox 872 2313 907 2362; x_wconf 80' lang='grc' dir='ltr'>Φ,</span> <span class='ocrx_word' id='word_1_103' title='bbox 924 2306 997 2359; x_wconf 84' lang='lat' dir='ltr'>Stob.</span> <span class='ocrx_word' id='word_1_104' title='bbox 1035 2323 1101 2360; x_wconf 88' lang='lat' dir='ltr'>corr.</span> <span class='ocrx_word' id='word_1_105' title='bbox 1121 2305 1227 2360; x_wconf 73' lang='lat' dir='ltr'>Reisle.</span> <span class='ocrx_word' id='word_1_106' title='bbox 1265 2323 1326 2360; x_wconf 85' lang='lat' dir='ltr'>nam</span> <span class='ocrx_word' id='word_1_107' title='bbox 1345 2306 1444 2360; x_wconf 78' lang='lat' dir='ltr'>avidis-</span> 
     </span>
     <span class='ocr_line' id='line_1_17' title="bbox 340 2391 1443 2462; baseline 0 -16"><span class='ocrx_word' id='word_1_108' title='bbox 340 2393 421 2446; x_wconf 87' lang='lat' dir='ltr'>simos</span> <span class='ocrx_word' id='word_1_109' title='bbox 449 2409 507 2446; x_wconf 87' lang='lat' dir='ltr'>esse</span> <span class='ocrx_word' id='word_1_110' title='bbox 532 2409 577 2447; x_wconf 89' lang='lat' dir='ltr'>eos</span> <span class='ocrx_word' id='word_1_111' title='bbox 595 2393 663 2447; x_wconf 84' lang='lat' dir='ltr'>dixit</span> <span class='ocrx_word' id='word_1_112' title='bbox 679 2393 820 2462; x_wconf 76' lang='lat' dir='ltr'>Euripides</span> <span class='ocrx_word' id='word_1_113' title='bbox 846 2393 892 2462; x_wconf 90' lang='lat' dir='ltr'>qui</span> <span class='ocrx_word' id='word_1_114' title='bbox 911 2394 939 2446; x_wconf 91' lang='lat' dir='ltr'>et</span> <span class='ocrx_word' id='word_1_115' title='bbox 956 2391 1053 2446; x_wconf 86' lang='lat' dir='ltr'>divites</span> <span class='ocrx_word' id='word_1_116' title='bbox 1074 2396 1102 2446; x_wconf 89' lang='lat' dir='ltr'>ot</span> <span class='ocrx_word' id='word_1_117' title='bbox 1120 2391 1227 2461; x_wconf 85' lang='lat' dir='ltr'><strong>inprobi</strong></span> <span class='ocrx_word' id='word_1_118' title='bbox 1245 2395 1343 2447; x_wconf 78' lang='lat' dir='ltr'><strong>essent.</strong></span> <span class='ocrx_word' id='word_1_119' title='bbox 1375 2393 1443 2446; x_wconf 90' lang='lat' dir='ltr'>divi·</span> 
     </span>
     <span class='ocr_line' id='line_1_18' title="bbox 337 2479 1345 2549; baseline 0 -17"><span class='ocrx_word' id='word_1_120' title='bbox 337 2480 396 2532; x_wconf 84' lang='lat' dir='ltr'>tum</span> <span class='ocrx_word' id='word_1_121' title='bbox 416 2496 477 2533; x_wconf 87' lang='lat' dir='ltr'>vero</span> <span class='ocrx_word' id='word_1_122' title='bbox 498 2482 526 2533; x_wconf 90' lang='lat' dir='ltr'>et</span> <span class='ocrx_word' id='word_1_123' title='bbox 542 2480 733 2549; x_wconf 68' lang='lat' dir='ltr'>inprobitatem</span> <span class='ocrx_word' id='word_1_124' title='bbox 752 2497 811 2534; x_wconf 83' lang='lat' dir='ltr'>esse</span> <span class='ocrx_word' id='word_1_125' title='bbox 830 2484 858 2533; x_wconf 87' lang='lat' dir='ltr'>et</span> <span class='ocrx_word' id='word_1_126' title='bbox 875 2479 1033 2534; x_wconf 84' lang='lat' dir='ltr'>aviditatem</span> <span class='ocrx_word' id='word_1_127' title='bbox 1052 2479 1140 2534; x_wconf 89' lang='lat' dir='ltr'>dicere</span> <span class='ocrx_word' id='word_1_128' title='bbox 1158 2495 1212 2534; x_wconf 90' lang='lat' dir='ltr'>non</span> <span class='ocrx_word' id='word_1_129' title='bbox 1230 2482 1345 2549; x_wconf 86' lang='lat' dir='ltr'>poterat.</span> 
     </span>
    </p>

    <p class='ocr_par' dir='ltr' id='par_1_10' title="bbox 252 2561 1444 2722">
     <span class='ocr_line' id='line_1_19' title="bbox 252 2561 1444 2635; baseline 0.001 -15"><span class='ocrx_word' id='word_1_130' title='bbox 252 2568 305 2621; x_wconf 89' lang='grc'>240</span> <span class='ocrx_word' id='word_1_131' title='bbox 340 2565 390 2619; x_wconf 88' lang='grc' dir='ltr'><em>οὐκ</em></span> <span class='ocrx_word' id='word_1_132' title='bbox 409 2561 519 2635; x_wconf 71' lang='grc' dir='ltr'><em>ἔχοντες</em></span> <span class='ocrx_word' id='word_1_133' title='bbox 540 2573 575 2621; x_wconf 79' lang='grc' dir='ltr'>Φ.</span> <span class='ocrx_word' id='word_1_134' title='bbox 593 2567 667 2622; x_wconf 86' lang='lat' dir='ltr'>Stob.</span> <span class='ocrx_word' id='word_1_135' title='bbox 703 2583 770 2622; x_wconf 87' lang='lat' dir='ltr'>corr.</span> <span class='ocrx_word' id='word_1_136' title='bbox 794 2568 838 2622; x_wconf 89' lang='lat' dir='ltr'>W.</span> <span class='ocrx_word' id='word_1_137' title='bbox 874 2584 922 2620; x_wconf 88' lang='lat' dir='ltr'>nec</span> <span class='ocrx_word' id='word_1_138' title='bbox 947 2567 990 2622; x_wconf 87' lang='lat' dir='ltr'>bis</span> <span class='ocrx_word' id='word_1_139' title='bbox 1013 2567 1084 2621; x_wconf 87' lang='lat' dir='ltr'>idem</span> <span class='ocrx_word' id='word_1_140' title='bbox 1109 2566 1162 2622; x_wconf 88' lang='lat' dir='ltr'>dici</span> <span class='ocrx_word' id='word_1_141' title='bbox 1185 2569 1293 2634; x_wconf 86' lang='lat' dir='ltr'>poterat</span> <span class='ocrx_word' id='word_1_142' title='bbox 1316 2569 1344 2620; x_wconf 85' lang='lat' dir='ltr'>ct</span> <span class='ocrx_word' id='word_1_143' title='bbox 1368 2566 1444 2635; x_wconf 88' lang='lat' dir='ltr'>plebs</span> 
     </span>
     <span class='ocr_line' id='line_1_20' title="bbox 339 2653 625 2722; baseline 0.01 -17"><span class='ocrx_word' id='word_1_144' title='bbox 339 2653 486 2722; x_wconf 82' lang='lat' dir='ltr'>significari</span> <span class='ocrx_word' id='word_1_145' title='bbox 504 2653 625 2710; x_wconf 85' lang='lat' dir='ltr'>debebat.</span> 
     </span>
    </p>

    <p class='ocr_par' dir='ltr' id='par_1_11' title="bbox 254 2740 826 2810">
     <span class='ocr_line' id='line_1_21' title="bbox 254 2740 826 2810; baseline 0.002 -16"><span class='ocrx_word' id='word_1_146' title='bbox 254 2742 304 2795; x_wconf 90' lang='grc'>241</span> <span class='ocrx_word' id='word_1_147' title='bbox 340 2743 457 2795; x_wconf 81' lang='lat' dir='ltr'>veterem</span> <span class='ocrx_word' id='word_1_148' title='bbox 476 2740 690 2810; x_wconf 82' lang='lat' dir='ltr'>dittographiam</span> <span class='ocrx_word' id='word_1_149' title='bbox 709 2741 760 2796; x_wconf 88' lang='lat' dir='ltr'>del.</span> <span class='ocrx_word' id='word_1_150' title='bbox 785 2742 826 2795; x_wconf 86' lang='lat' dir='ltr'>W.</span> 
     </span>
    </p>

    <p class='ocr_par' dir='ltr' id='par_1_12' title="bbox 254 2825 1257 2986">
     <span class='ocr_line' id='line_1_22' title="bbox 254 2825 546 2900; baseline -0.01 -17"><span class='ocrx_word' id='word_1_151' title='bbox 254 2829 304 2883; x_wconf 86' lang='grc'>243</span> <span class='ocrx_word' id='word_1_152' title='bbox 340 2825 453 2900; x_wconf 73' lang='grc' dir='ltr'><em>γλώσσῃ</em></span> <span class='ocrx_word' id='word_1_153' title='bbox 472 2826 546 2881; x_wconf 69' lang='grc' dir='ltr'><em>ὃλολι,</em></span> 
     </span>
     <span class='ocr_line' id='line_1_23' title="bbox 342 2911 1257 2986; baseline 0 -20"><span class='ocrx_word' id='word_1_154' title='bbox 342 2912 513 2984; x_wconf 81' lang='grc' dir='ltr'><em>φηλούμενοι</em></span> <span class='ocrx_word' id='word_1_155' title='bbox 534 2919 561 2964; x_wconf 74' lang='grc' dir='ltr'><em>φ</em></span> <span class='ocrx_word' id='word_1_156' title='bbox 580 2913 631 2983; x_wconf 79' lang='lat' dir='ltr'>(O).</span> <span class='ocrx_word' id='word_1_157' title='bbox 669 2911 836 2986; x_wconf 83' lang='grc' dir='ltr'><em>φιλούμενοι</em></span> <span class='ocrx_word' id='word_1_158' title='bbox 857 2914 930 2968; x_wconf 85' lang='lat' dir='ltr'>Stob.</span> <span class='ocrx_word' id='word_1_159' title='bbox 950 2915 978 2966; x_wconf 90' lang='lat' dir='ltr'>et</span> <span class='ocrx_word' id='word_1_160' title='bbox 995 2913 1102 2982; x_wconf 87' lang='lat' dir='ltr'>proprio</span> <span class='ocrx_word' id='word_1_161' title='bbox 1122 2930 1209 2967; x_wconf 87' lang='lat' dir='ltr'>errore</span> <span class='ocrx_word' id='word_1_162' title='bbox 1226 2915 1257 2966; x_wconf 91' lang='lat' dir='ltr'>P.</span> 
     </span>
    </p>

    <p class='ocr_par' dir='ltr' id='par_1_13' title="bbox 253 2999 1522 3252">
     <span class='ocr_line' id='line_1_24' title="bbox 253 2999 1442 3070; baseline -0.001 -17"><span class='ocrx_word' id='word_1_163' title='bbox 253 3002 305 3056; x_wconf 89' lang='grc'>244</span> <span class='ocrx_word' id='word_1_164' title='bbox 340 3001 419 3062; x_wconf 82' lang='grc' dir='ltr'><em>σώζει</em></span> <span class='ocrx_word' id='word_1_165' title='bbox 451 2999 545 3059; x_wconf 86' lang='grc' dir='ltr'><em>πόλεις</em></span> <span class='ocrx_word' id='word_1_166' title='bbox 568 3007 603 3054; x_wconf 78' lang='grc' dir='ltr'>φ.</span> <span class='ocrx_word' id='word_1_167' title='bbox 647 3001 762 3069; x_wconf 75' lang='lat' dir='ltr'>inrepsit</span> <span class='ocrx_word' id='word_1_168' title='bbox 793 3001 906 3068; x_wconf 84' lang='lat' dir='ltr'>proximi</span> <span class='ocrx_word' id='word_1_169' title='bbox 934 3016 1026 3054; x_wconf 78' lang='lat' dir='ltr'>versus</span> <span class='ocrx_word' id='word_1_170' title='bbox 1052 3001 1181 3054; x_wconf 83' lang='lat' dir='ltr'>clausula</span> <span class='ocrx_word' id='word_1_171' title='bbox 1225 3000 1241 3066; x_wconf 81' lang='grc' dir='ltr'>ἡ</span> <span class='ocrx_word' id='word_1_172' title='bbox 1265 3005 1336 3070; x_wconf 79' lang='grc' dir='ltr'><em>μέση</em></span> <span class='ocrx_word' id='word_1_173' title='bbox 1362 3000 1442 3061; x_wconf 83' lang='grc' dir='ltr'><em>σώζει</em></span> 
     </span>
     <span class='ocr_line' id='line_1_25' title="bbox 339 3085 1441 3156; baseline 0 -16"><span class='ocrx_word' id='word_1_174' title='bbox 339 3089 426 3142; x_wconf 88' lang='grc' dir='ltr'><em>πόλιν</em></span> <span class='ocrx_word' id='word_1_175' title='bbox 455 3086 528 3142; x_wconf 81' lang='lat' dir='ltr'>Stob.</span> <span class='ocrx_word' id='word_1_176' title='bbox 560 3104 607 3155; x_wconf 86' lang='lat' dir='ltr'>per</span> <span class='ocrx_word' id='word_1_177' title='bbox 639 3104 756 3142; x_wconf 88' lang='lat' dir='ltr'>errorem</span> <span class='ocrx_word' id='word_1_178' title='bbox 789 3091 817 3142; x_wconf 89' lang='lat' dir='ltr'>et</span> <span class='ocrx_word' id='word_1_179' title='bbox 834 3087 1078 3155; x_wconf 78' lang='lat' dir='ltr'>interpolationem.</span> <span class='ocrx_word' id='word_1_180' title='bbox 1115 3088 1293 3155; x_wconf 77' lang='lat' dir='ltr'>corruptelam</span> <span class='ocrx_word' id='word_1_181' title='bbox 1311 3085 1441 3156; x_wconf 79' lang='lat' dir='ltr'>adgnovit</span> 
     </span>
     <span class='ocr_line' id='line_1_26' title="bbox 341 3171 1522 3252; baseline 0.002 -26"><span class='ocrx_word' id='word_1_182' title='bbox 341 3171 513 3244; x_wconf 62' lang='lat' dir='ltr'>&amp;boemano</span> <span class='ocrx_word' id='word_1_183' title='bbox 531 3173 578 3228; x_wconf 85' lang='lat' dir='ltr'>sed</span> <span class='ocrx_word' id='word_1_184' title='bbox 596 3191 692 3242; x_wconf 81' lang='lat' dir='ltr'>parum</span> <span class='ocrx_word' id='word_1_185' title='bbox 709 3176 781 3228; x_wconf 87' lang='lat' dir='ltr'>recte</span> <span class='ocrx_word' id='word_1_186' title='bbox 799 3191 837 3228; x_wconf 86' lang='lat' dir='ltr'>vs.</span> <span class='ocrx_word' id='word_1_187' title='bbox 849 3174 902 3229; x_wconf 89' lang='grc'>245</span> <span class='ocrx_word' id='word_1_188' title='bbox 920 3175 1043 3228; x_wconf 83' lang='lat' dir='ltr'>mutavit.</span> <span class='ocrx_word' id='word_1_189' title='bbox 1081 3190 1146 3228; x_wconf 89' lang='lat' dir='ltr'>corr.</span> <span class='ocrx_word' id='word_1_190' title='bbox 1165 3173 1342 3242; x_wconf 82' lang='lat' dir='ltr'>probabiliter</span> <span class='ocrx_word' id='word_1_191' title='bbox 1363 3173 1405 3228; x_wconf 87' lang='lat' dir='ltr'>W.</span> <span class='ocrx_word' id='word_1_192' title='bbox 1516 3241 1522 3252; x_wconf 32' lang='grc' dir='ltr'>Ι</span> 
     </span>
    </p>

    <p class='ocr_par' dir='ltr' id='par_1_14' title="bbox 254 3257 1320 3419">
     <span class='ocr_line' id='line_1_27' title="bbox 254 3257 677 3332; baseline -0.007 -15"><span class='ocrx_word' id='word_1_193' title='bbox 254 3261 306 3317; x_wconf 85' lang='grc'>245</span> <span class='ocrx_word' id='word_1_194' title='bbox 342 3261 407 3332; x_wconf 70' lang='grc' dir='ltr'>δόξῃ</span> <span class='ocrx_word' id='word_1_195' title='bbox 426 3257 508 3314; x_wconf 86' lang='grc' dir='ltr'><em>πόλει</em></span> <span class='ocrx_word' id='word_1_196' title='bbox 527 3260 677 3315; x_wconf 79' lang='lat' dir='ltr'>Stobaeus.⁴</span> 
     </span>
     <span class='ocr_line' id='line_1_28' title="bbox 340 3344 1320 3419; baseline 0.001 -20"><span class='ocrx_word' id='word_1_197' title='bbox 340 3344 524 3419; x_wconf 83' lang='grc' dir='ltr'><em>φυλάσσουσα</em></span> <span class='ocrx_word' id='word_1_198' title='bbox 544 3350 572 3401; x_wconf 83' lang='grc' dir='ltr'>ελ</span> <span class='ocrx_word' id='word_1_199' title='bbox 589 3347 662 3402; x_wconf 81' lang='lat' dir='ltr'>Stob.</span> <span class='ocrx_word' id='word_1_200' title='bbox 680 3351 708 3402; x_wconf 87' lang='lat' dir='ltr'>et</span> <span class='ocrx_word' id='word_1_201' title='bbox 732 3353 766 3400; x_wconf 77' lang='grc' dir='ltr'>φ,</span> <span class='ocrx_word' id='word_1_202' title='bbox 803 3347 981 3417; x_wconf 83' lang='grc' dir='ltr'><em>φυλάττουσα</em></span> <span class='ocrx_word' id='word_1_203' title='bbox 1000 3348 1107 3417; x_wconf 88' lang='lat' dir='ltr'>proprio</span> <span class='ocrx_word' id='word_1_204' title='bbox 1125 3347 1191 3403; x_wconf 89' lang='lat' dir='ltr'>vitio</span> <span class='ocrx_word' id='word_1_205' title='bbox 1209 3349 1240 3401; x_wconf 90' lang='lat' dir='ltr'>P.</span> <span class='ocrx_word' id='word_1_206' title='bbox 1317 3357 1320 3366; x_wconf 86' lang='grc'><strong>’</strong></span> 
     </span>
    </p>

    <p class='ocr_par' dir='ltr' id='par_1_15' title="bbox 254 3434 1446 3503">
     <span class='ocr_line' id='line_1_29' title="bbox 254 3434 1446 3503; baseline 0 -15"><span class='ocrx_word' id='word_1_207' title='bbox 254 3435 325 3489; x_wconf 86' lang='lat' dir='ltr'>iuter</span> <span class='ocrx_word' id='word_1_208' title='bbox 341 3434 393 3489; x_wconf 86' lang='grc'>245</span> <span class='ocrx_word' id='word_1_209' title='bbox 412 3435 440 3488; x_wconf 88' lang='lat' dir='ltr'>et</span> <span class='ocrx_word' id='word_1_210' title='bbox 457 3435 508 3490; x_wconf 90' lang='grc'>246</span> <span class='ocrx_word' id='word_1_211' title='bbox 526 3434 586 3488; x_wconf 84' lang='lat' dir='ltr'>hiat</span> <span class='ocrx_word' id='word_1_212' title='bbox 604 3435 739 3492; x_wconf 81' lang='lat' dir='ltr'>sententia</span> <span class='ocrx_word' id='word_1_213' title='bbox 756 3434 908 3488; x_wconf 83' lang='lat' dir='ltr'>manifesto.</span> <span class='ocrx_word' id='word_1_214' title='bbox 944 3437 972 3488; x_wconf 88' lang='lat' dir='ltr'>at</span> <span class='ocrx_word' id='word_1_215' title='bbox 991 3434 1063 3503; x_wconf 89' lang='lat' dir='ltr'>quod</span> <span class='ocrx_word' id='word_1_216' title='bbox 1080 3451 1119 3488; x_wconf 85' lang='lat' dir='ltr'>vs.</span> <span class='ocrx_word' id='word_1_217' title='bbox 1139 3437 1191 3490; x_wconf 85' lang='grc'>246</span> <span class='ocrx_word' id='word_1_218' title='bbox 1204 3434 1356 3490; x_wconf 84' lang='lat' dir='ltr'>necessario</span> <span class='ocrx_word' id='word_1_219' title='bbox 1368 3452 1446 3503; x_wconf 81' lang='lat' dir='ltr'>pree-</span> 
     </span>
    </p>

    <p class='ocr_par' dir='ltr' id='par_1_16' title="bbox 300 3521 1513 4458">
     <span class='ocr_line' id='line_1_30' title="bbox 300 3521 1447 3592; baseline -0.003 -12"><span class='ocrx_word' id='word_1_220' title='bbox 300 3574 303 3580; x_wconf 66' lang='lat'><em>,</em></span> <span class='ocrx_word' id='word_1_221' title='bbox 341 3521 423 3576; x_wconf 82' lang='lat' dir='ltr'>cessit</span> <span class='ocrx_word' id='word_1_222' title='bbox 438 3521 547 3590; x_wconf 81' lang='lat' dir='ltr'>egregie</span> <span class='ocrx_word' id='word_1_223' title='bbox 567 3521 668 3576; x_wconf 88' lang='lat' dir='ltr'>dictum</span> <span class='ocrx_word' id='word_1_224' title='bbox 688 3525 730 3576; x_wconf 88' lang='lat' dir='ltr'>est</span> <span class='ocrx_word' id='word_1_225' title='bbox 746 3537 785 3575; x_wconf 80' lang='grc' dir='ltr'>τε.</span> <span class='ocrx_word' id='word_1_226' title='bbox 805 3523 961 3578; x_wconf 49' lang='grc' dir='ltr'><strong>224ψ228.</strong></span> <span class='ocrx_word' id='word_1_227' title='bbox 1001 3523 1123 3576; x_wconf 89' lang='lat' dir='ltr'>tenemus</span> <span class='ocrx_word' id='word_1_228' title='bbox 1146 3523 1231 3592; x_wconf 79' lang='lat' dir='ltr'>igitur</span> <span class='ocrx_word' id='word_1_229' title='bbox 1254 3523 1353 3587; x_wconf 88' lang='lat' dir='ltr'>locum,</span> <span class='ocrx_word' id='word_1_230' title='bbox 1377 3521 1447 3576; x_wconf 90' lang='lat' dir='ltr'>unde</span> 
     </span>
     <span class='ocr_line' id='line_1_31' title="bbox 341 3595 1446 3676; baseline 0.001 -15"><span class='ocrx_word' id='word_1_231' title='bbox 341 3625 380 3662; x_wconf 88' lang='lat' dir='ltr'>vs.</span> <span class='ocrx_word' id='word_1_232' title='bbox 398 3609 549 3664; x_wconf 83' lang='grc'><strong>222-228</strong></span> <span class='ocrx_word' id='word_1_233' title='bbox 567 3625 647 3676; x_wconf 83' lang='lat' dir='ltr'>qnam</span> <span class='ocrx_word' id='word_1_234' title='bbox 665 3609 778 3662; x_wconf 85' lang='lat' dir='ltr'>maxime</span> <span class='ocrx_word' id='word_1_235' title='bbox 797 3609 909 3676; x_wconf 83' lang='lat' dir='ltr'>genuini</span> <span class='ocrx_word' id='word_1_236' title='bbox 926 3612 956 3662; x_wconf 87' lang='lat' dir='ltr'>at</span> <span class='ocrx_word' id='word_1_237' title='bbox 974 3625 1055 3676; x_wconf 78' lang='lat' dir='ltr'>supra</span> <span class='ocrx_word' id='word_1_238' title='bbox 1072 3625 1126 3666; x_wconf 89' lang='lat' dir='ltr'>non</span> <span class='ocrx_word' id='word_1_239' title='bbox 1141 3595 1245 3662; x_wconf 86' lang='lat' dir='ltr'>ferendi</span> <span class='ocrx_word' id='word_1_240' title='bbox 1256 3608 1363 3676; x_wconf 89' lang='lat' dir='ltr'>depulsi</span> <span class='ocrx_word' id='word_1_241' title='bbox 1375 3610 1446 3662; x_wconf 87' lang='lat' dir='ltr'>sunt.</span> 
     </span>
     <span class='ocr_line' id='line_1_32' title="bbox 343 3693 1447 3763; baseline 0 -15"><span class='ocrx_word' id='word_1_242' title='bbox 343 3693 523 3762; x_wconf 76' lang='lat' dir='ltr'>septendecim</span> <span class='ocrx_word' id='word_1_243' title='bbox 548 3709 673 3762; x_wconf 85' lang='lat' dir='ltr'>versuum</span> <span class='ocrx_word' id='word_1_244' title='bbox 697 3695 784 3761; x_wconf 75' lang='lat' dir='ltr'>spatio</span> <span class='ocrx_word' id='word_1_245' title='bbox 810 3695 907 3748; x_wconf 86' lang='lat' dir='ltr'>eloco</span> <span class='ocrx_word' id='word_1_246' title='bbox 932 3711 979 3748; x_wconf 89' lang='lat' dir='ltr'>suo</span> <span class='ocrx_word' id='word_1_247' title='bbox 1006 3694 1119 3758; x_wconf 85' lang='lat' dir='ltr'>absunt,</span> <span class='ocrx_word' id='word_1_248' title='bbox 1144 3693 1188 3750; x_wconf 89' lang='lat' dir='ltr'>hic</span> <span class='ocrx_word' id='word_1_249' title='bbox 1205 3698 1345 3763; x_wconf 83' lang='lat' dir='ltr'>praeterea</span> <span class='ocrx_word' id='word_1_250' title='bbox 1362 3710 1447 3762; x_wconf 84' lang='lat' dir='ltr'>pauca</span> 
     </span>
     <span class='ocr_line' id='line_1_33' title="bbox 342 3780 1448 3850; baseline 0 -16"><span class='ocrx_word' id='word_1_251' title='bbox 342 3780 548 3846; x_wconf 87' lang='lat' dir='ltr'>interciderunt,</span> <span class='ocrx_word' id='word_1_252' title='bbox 574 3782 636 3850; x_wconf 87' lang='lat' dir='ltr'>post</span> <span class='ocrx_word' id='word_1_253' title='bbox 662 3781 844 3849; x_wconf 85' lang='lat' dir='ltr'>septendecim</span> <span class='ocrx_word' id='word_1_254' title='bbox 867 3797 960 3836; x_wconf 78' lang='lat' dir='ltr'>versus</span> <span class='ocrx_word' id='word_1_255' title='bbox 979 3781 1053 3849; x_wconf 82' lang='lat'>(262)</span> <span class='ocrx_word' id='word_1_256' title='bbox 1072 3781 1168 3839; x_wconf 87' lang='lat' dir='ltr'>iterum</span> <span class='ocrx_word' id='word_1_257' title='bbox 1191 3781 1299 3844; x_wconf 86' lang='lat' dir='ltr'>lacuna,</span> <span class='ocrx_word' id='word_1_258' title='bbox 1322 3783 1384 3850; x_wconf 87' lang='lat' dir='ltr'>post</span> <span class='ocrx_word' id='word_1_259' title='bbox 1405 3780 1448 3835; x_wconf 89' lang='lat' dir='ltr'>bis</span> 
     </span>
     <span class='ocr_line' id='line_1_34' title="bbox 343 3866 1448 3936; baseline -0.001 -16"><span class='ocrx_word' id='word_1_260' title='bbox 343 3867 525 3936; x_wconf 84' lang='lat' dir='ltr'>septendecim</span> <span class='ocrx_word' id='word_1_261' title='bbox 552 3867 626 3936; x_wconf 78' lang='grc'><strong>(281)</strong></span> <span class='ocrx_word' id='word_1_262' title='bbox 652 3867 743 3921; x_wconf 84' lang='lat' dir='ltr'>tertia.</span> <span class='ocrx_word' id='word_1_263' title='bbox 788 3867 827 3920; x_wconf 85' lang='lat' dir='ltr'>ita</span> <span class='ocrx_word' id='word_1_264' title='bbox 849 3866 911 3921; x_wconf 86' lang='lat' dir='ltr'>v&#39;ero</span> <span class='ocrx_word' id='word_1_265' title='bbox 944 3869 1095 3922; x_wconf 86' lang='lat' dir='ltr'>sententiae</span> <span class='ocrx_word' id='word_1_266' title='bbox 1122 3868 1271 3936; x_wconf 86' lang='lat' dir='ltr'>procedunt</span> <span class='ocrx_word' id='word_1_267' title='bbox 1296 3874 1448 3922; x_wconf 71' lang='lat' dir='ltr'>commacu</span> 
     </span>
     <span class='ocr_line' id='line_1_35' title="bbox 343 3953 1513 4022; baseline 0.002 -16"><span class='ocrx_word' id='word_1_268' title='bbox 343 3953 516 4008; x_wconf 73' lang='lat' dir='ltr'>ambitiosam</span> <span class='ocrx_word' id='word_1_269' title='bbox 540 3955 705 4008; x_wconf 85' lang='grc' dir='ltr'><em>λαυαιλαλακ</em></span> <span class='ocrx_word' id='word_1_270' title='bbox 726 3968 858 4022; x_wconf 65' lang='lat' dir='ltr'>perentam</span> <span class='ocrx_word' id='word_1_271' title='bbox 876 3953 997 4008; x_wconf 80' lang='grc' dir='ltr'><em>αιύίλαλεε</em></span> <span class='ocrx_word' id='word_1_272' title='bbox 1012 3960 1144 4022; x_wconf 62' lang='lat' dir='ltr'>paeoni,</span> <span class='ocrx_word' id='word_1_273' title='bbox 1167 3970 1234 4010; x_wconf 84' lang='grc' dir='ltr'><em>κατα</em></span> <span class='ocrx_word' id='word_1_274' title='bbox 1257 3970 1305 4008; x_wconf 81' lang='grc' dir='ltr'><em>κτα</em></span> <span class='ocrx_word' id='word_1_275' title='bbox 1329 3954 1360 4008; x_wconf 76' lang='grc' dir='ltr'>νυ</span> <span class='ocrx_word' id='word_1_276' title='bbox 1379 3955 1455 4021; x_wconf 96' lang='grc' dir='ltr'><em>συλλ-</em></span> <span class='ocrx_word' id='word_1_277' title='bbox 1512 3983 1513 3988; x_wconf 43' lang='lat'>1</span> 
     </span>
     <span class='ocr_line' id='line_1_36' title="bbox 342 4040 1447 4112; baseline 0.002 -18"><span class='ocrx_word' id='word_1_278' title='bbox 342 4041 463 4094; x_wconf 82' lang='grc' dir='ltr'><em>κιαλλλκιε</em></span> <span class='ocrx_word' id='word_1_279' title='bbox 480 4057 528 4094; x_wconf 84' lang='grc' dir='ltr'><em>κιο</em></span> <span class='ocrx_word' id='word_1_280' title='bbox 544 4042 576 4094; x_wconf 78' lang='lat' dir='ltr'>dn</span> <span class='ocrx_word' id='word_1_281' title='bbox 590 4041 667 4109; x_wconf 82' lang='lat' dir='ltr'>plebe</span> <span class='ocrx_word' id='word_1_282' title='bbox 685 4040 732 4094; x_wconf 81' lang='lat' dir='ltr'>scd</span> <span class='ocrx_word' id='word_1_283' title='bbox 748 4040 780 4094; x_wconf 87' lang='grc' dir='ltr'>υἰι</span> <span class='ocrx_word' id='word_1_284' title='bbox 798 4045 921 4112; x_wconf 81' lang='grc' dir='ltr'><em>μετρίοις</em></span> <span class='ocrx_word' id='word_1_285' title='bbox 937 4046 1064 4102; x_wconf 79' lang='grc' dir='ltr'><em>πολίταις</em></span> <span class='ocrx_word' id='word_1_286' title='bbox 1085 4044 1162 4098; x_wconf 76' lang='lat' dir='ltr'>solco</span> <span class='ocrx_word' id='word_1_287' title='bbox 1174 4041 1389 4110; x_wconf 73' lang='grc' dir='ltr'><em>υκλιλλοσυοελλσ</em></span> <span class='ocrx_word' id='word_1_288' title='bbox 1400 4047 1447 4096; x_wconf 76' lang='lat' dir='ltr'>cet.</span> 
     </span>
     <span class='ocr_line' id='line_1_37' title="bbox 343 4127 1447 4198; baseline 0.003 -17"><span class='ocrx_word' id='word_1_289' title='bbox 343 4133 374 4181; x_wconf 89' lang='grc' dir='ltr'>λα</span> <span class='ocrx_word' id='word_1_290' title='bbox 390 4144 452 4182; x_wconf 77' lang='lat' dir='ltr'>vcro</span> <span class='ocrx_word' id='word_1_291' title='bbox 469 4128 640 4195; x_wconf 83' lang='grc' dir='ltr'><em>ουλλωσλλανκ</em></span> <span class='ocrx_word' id='word_1_292' title='bbox 647 4128 773 4196; x_wconf 77' lang='lat' dir='ltr'>perditae</span> <span class='ocrx_word' id='word_1_293' title='bbox 784 4127 918 4184; x_wconf 79' lang='grc' dir='ltr'><em>λινυεαλυλλ</em></span> <span class='ocrx_word' id='word_1_294' title='bbox 929 4145 1028 4184; x_wconf 81' lang='lat' dir='ltr'>morem</span> <span class='ocrx_word' id='word_1_295' title='bbox 1038 4129 1153 4198; x_wconf 81' lang='grc' dir='ltr'><em>υεεελελλ.</em></span> <span class='ocrx_word' id='word_1_296' title='bbox 1190 4134 1220 4180; x_wconf 86' lang='grc' dir='ltr'>αλ</span> <span class='ocrx_word' id='word_1_297' title='bbox 1231 4143 1316 4196; x_wconf 71' lang='grc' dir='ltr'><em>υσυαλ</em></span> <span class='ocrx_word' id='word_1_298' title='bbox 1329 4128 1447 4184; x_wconf 69' lang='lat' dir='ltr'>scelesto</span> 
     </span>
     <span class='ocr_line' id='line_1_38' title="bbox 343 4215 1447 4286; baseline 0 -16"><span class='ocrx_word' id='word_1_299' title='bbox 343 4231 394 4270; x_wconf 82' lang='grc' dir='ltr'>κοε</span> <span class='ocrx_word' id='word_1_300' title='bbox 420 4215 567 4269; x_wconf 79' lang='lat' dir='ltr'>admiscere</span> <span class='ocrx_word' id='word_1_301' title='bbox 593 4215 719 4270; x_wconf 78' lang='lat' dir='ltr'>debemus</span> <span class='ocrx_word' id='word_1_302' title='bbox 746 4216 828 4286; x_wconf 89' lang='lat' dir='ltr'>(quod</span> <span class='ocrx_word' id='word_1_303' title='bbox 843 4219 873 4268; x_wconf 84' lang='lat' dir='ltr'>tu</span> <span class='ocrx_word' id='word_1_304' title='bbox 892 4217 1004 4283; x_wconf 86' lang='lat' dir='ltr'>fecisti),</span> <span class='ocrx_word' id='word_1_305' title='bbox 1032 4231 1116 4284; x_wconf 73' lang='grc' dir='ltr'><em>κεφιι</em></span> <span class='ocrx_word' id='word_1_306' title='bbox 1143 4232 1204 4270; x_wconf 87' lang='lat' dir='ltr'>ocro</span> <span class='ocrx_word' id='word_1_307' title='bbox 1232 4215 1306 4284; x_wconf 83' lang='lat' dir='ltr'>(hinc</span> <span class='ocrx_word' id='word_1_308' title='bbox 1332 4217 1362 4269; x_wconf 77' lang='grc' dir='ltr'>δὲ</span> <span class='ocrx_word' id='word_1_309' title='bbox 1385 4215 1447 4284; x_wconf 88' lang='grc'><strong>225)</strong></span> 
     </span>
     <span class='ocr_line' id='line_1_39' title="bbox 341 4301 1448 4372; baseline 0.001 -17"><span class='ocrx_word' id='word_1_310' title='bbox 341 4301 440 4371; x_wconf 75' lang='lat' dir='ltr'>foedae</span> <span class='ocrx_word' id='word_1_311' title='bbox 461 4319 521 4357; x_wconf 81' lang='lat' dir='ltr'>cum</span> <span class='ocrx_word' id='word_1_312' title='bbox 546 4301 675 4356; x_wconf 75' lang='grc' dir='ltr'><em>ελεῶιλνε</em></span> <span class='ocrx_word' id='word_1_313' title='bbox 692 4303 774 4372; x_wconf 89' lang='lat' dir='ltr'>(quod</span> <span class='ocrx_word' id='word_1_314' title='bbox 790 4319 832 4356; x_wconf 88' lang='lat' dir='ltr'>me</span> <span class='ocrx_word' id='word_1_315' title='bbox 849 4301 935 4356; x_wconf 82' lang='lat' dir='ltr'>fecere</span> <span class='ocrx_word' id='word_1_316' title='bbox 954 4303 1054 4371; x_wconf 84' lang='lat' dir='ltr'>iubes),</span> <span class='ocrx_word' id='word_1_317' title='bbox 1078 4319 1148 4371; x_wconf 72' lang='grc' dir='ltr'><em>φααε</em></span> <span class='ocrx_word' id='word_1_318' title='bbox 1165 4317 1225 4356; x_wconf 84' lang='grc' dir='ltr'><em>σανα</em></span> <span class='ocrx_word' id='word_1_319' title='bbox 1241 4301 1284 4354; x_wconf 79' lang='lat' dir='ltr'>ita</span> <span class='ocrx_word' id='word_1_320' title='bbox 1301 4301 1371 4366; x_wconf 79' lang='grc' dir='ltr'><em>εναλ,</em></span> <span class='ocrx_word' id='word_1_321' title='bbox 1389 4317 1448 4356; x_wconf 84' lang='grc' dir='ltr'><em>εαυ-</em></span> 
     </span>
     <span class='ocr_line' id='line_1_40' title="bbox 344 4388 669 4458; baseline 0.006 -16"><span class='ocrx_word' id='word_1_322' title='bbox 344 4405 452 4443; x_wconf 79' lang='grc' dir='ltr'><em>ακννιικ</em></span> <span class='ocrx_word' id='word_1_323' title='bbox 468 4388 543 4442; x_wconf 83' lang='lat' dir='ltr'>ooba’e</span> <span class='ocrx_word' id='word_1_324' title='bbox 559 4405 669 4458; x_wconf 79' lang='grc' dir='ltr'><em>κουαεο.</em></span> 
     </span>
    </p>

    <p class='ocr_par' dir='ltr' id='par_1_17' title="bbox 257 4474 1447 4633">
     <span class='ocr_line' id='line_1_41' title="bbox 257 4474 1447 4548; baseline 0 -18"><span class='ocrx_word' id='word_1_325' title='bbox 257 4477 309 4530; x_wconf 88' lang='grc'>222</span> <span class='ocrx_word' id='word_1_326' title='bbox 345 4483 424 4546; x_wconf 80' lang='grc' dir='ltr'><em>σῶμα</em></span> <span class='ocrx_word' id='word_1_327' title='bbox 442 4475 471 4528; x_wconf 84' lang='lat' dir='ltr'>C.</span> <span class='ocrx_word' id='word_1_328' title='bbox 509 4477 590 4548; x_wconf 80' lang='grc' dir='ltr'><em>δῶμα</em></span> <span class='ocrx_word' id='word_1_329' title='bbox 608 4477 638 4530; x_wconf 91' lang='grc' dir='ltr'>Ρ.</span> <span class='ocrx_word' id='word_1_330' title='bbox 674 4476 743 4530; x_wconf 90' lang='lat' dir='ltr'>illud</span> <span class='ocrx_word' id='word_1_331' title='bbox 763 4475 894 4544; x_wconf 85' lang='lat' dir='ltr'>praetuli,</span> <span class='ocrx_word' id='word_1_332' title='bbox 914 4492 947 4528; x_wconf 87' lang='lat' dir='ltr'>nc</span> <span class='ocrx_word' id='word_1_333' title='bbox 968 4475 1027 4544; x_wconf 86' lang='lat' dir='ltr'>quis</span> <span class='ocrx_word' id='word_1_334' title='bbox 1047 4476 1080 4530; x_wconf 92' lang='lat' dir='ltr'>de</span> <span class='ocrx_word' id='word_1_335' title='bbox 1099 4476 1205 4544; x_wconf 87' lang='lat' dir='ltr'>generis</span> <span class='ocrx_word' id='word_1_336' title='bbox 1219 4474 1328 4528; x_wconf 84' lang='lat' dir='ltr'>Adrasti</span> <span class='ocrx_word' id='word_1_337' title='bbox 1346 4475 1447 4544; x_wconf 84' lang='lat' dir='ltr'>cogite-</span> 
     </span>
     <span class='ocr_line' id='line_1_42' title="bbox 344 4561 1402 4633; baseline 0.001 -16"><span class='ocrx_word' id='word_1_338' title='bbox 344 4565 394 4620; x_wconf 86' lang='lat' dir='ltr'>ret.</span> <span class='ocrx_word' id='word_1_339' title='bbox 431 4562 549 4624; x_wconf 80' lang='lat' dir='ltr'>Theseus</span> <span class='ocrx_word' id='word_1_340' title='bbox 568 4564 638 4623; x_wconf 85' lang='lat' dir='ltr'>enim</span> <span class='ocrx_word' id='word_1_341' title='bbox 653 4564 825 4624; x_wconf 80' lang='lat' dir='ltr'>matrimonia</span> <span class='ocrx_word' id='word_1_342' title='bbox 842 4562 875 4617; x_wconf 88' lang='lat' dir='ltr'>ab</span> <span class='ocrx_word' id='word_1_343' title='bbox 894 4561 1020 4630; x_wconf 81' lang='lat' dir='ltr'>Apolline</span> <span class='ocrx_word' id='word_1_344' title='bbox 1038 4564 1112 4617; x_wconf 76' lang='lat' dir='ltr'>iussa</span> <span class='ocrx_word' id='word_1_345' title='bbox 1131 4563 1283 4631; x_wconf 75' lang='lat' dir='ltr'>vituperare</span> <span class='ocrx_word' id='word_1_346' title='bbox 1301 4562 1402 4633; x_wconf 86' lang='lat' dir='ltr'>nequit.</span> 
     </span>
    </p>
   </div>
   <div class='ocr_carea' id='block_1_5' title="bbox 0 0 1827 5288">
    <p class='ocr_par' dir='ltr' id='par_1_18' title="bbox 0 0 1827 5288">
     <span class='ocr_line' id='line_1_43' title="bbox 0 0 1827 5288; baseline 0 0"><span class='ocrx_word' id='word_1_347' title='bbox 0 0 1827 5288; x_wconf 95' lang='lat' dir='ltr'> </span> 
     </span>
    </p>
   </div>
  </div>
 </body>
</html>
