<?xml version="1.0" encoding="UTF-8"?>
<!DOCTYPE html PUBLIC "-//W3C//DTD XHTML 1.0 Transitional//EN"
    "http://www.w3.org/TR/xhtml1/DTD/xhtml1-transitional.dtd">
<html xmlns="http://www.w3.org/1999/xhtml" xml:lang="en" lang="en">
 <head>
  <title>
</title>
<meta http-equiv="Content-Type" content="text/html;charset=utf-8" />
  <meta name='ocr-system' content='tesseract 3.04.00' />
  <meta name='ocr-capabilities' content='ocr_page ocr_carea ocr_par ocr_line ocrx_word'/>
</head>
<body>
  <div class='ocr_page' id='page_1' title='image "./analectaevripid00moegoog_0081.png"; bbox 0 0 3594 5292; ppageno 0'>
   <div class='ocr_carea' id='block_1_1' title="bbox 332 399 998 474">
    <p class='ocr_par' dir='ltr' id='par_1_1' title="bbox 332 399 998 474">
     <span class='ocr_line' id='line_1_1' title="bbox 332 399 998 474; baseline -0.005 -18"><span class='ocrx_word' id='word_1_1' title='bbox 332 401 385 474; x_wconf 50' lang='lat' dir='ltr'>,ra</span> <span class='ocrx_word' id='word_1_2' title='bbox 932 399 998 473; x_wconf 81' lang='lat' dir='ltr'>us.</span> 
     </span>
    </p>
   </div>
   <div class='ocr_carea' id='block_1_2' title="bbox 349 572 1643 4426">
    <p class='ocr_par' dir='ltr' id='par_1_2' title="bbox 349 572 1643 2015">
     <span class='ocr_line' id='line_1_2' title="bbox 352 572 1564 642; baseline -0.001 -2"><span class='ocrx_word' id='word_1_3' title='bbox 352 581 436 642; x_wconf 81' lang='lat'>1054</span> <span class='ocrx_word' id='word_1_4' title='bbox 463 581 496 641; x_wconf 89' lang='lat' dir='ltr'>et</span> <span class='ocrx_word' id='word_1_5' title='bbox 524 580 563 640; x_wconf 79' lang='lat'>55</span> <span class='ocrx_word' id='word_1_6' title='bbox 593 573 764 642; x_wconf 90' lang='lat' dir='ltr'>cohaerere</span> <span class='ocrx_word' id='word_1_7' title='bbox 794 596 857 641; x_wconf 94' lang='lat' dir='ltr'>non</span> <span class='ocrx_word' id='word_1_8' title='bbox 886 574 1067 642; x_wconf 89' lang='lat' dir='ltr'>docuerunt.</span> <span class='ocrx_word' id='word_1_9' title='bbox 1113 574 1270 640; x_wconf 82' lang='lat' dir='ltr'>Electram</span> <span class='ocrx_word' id='word_1_10' title='bbox 1301 572 1474 640; x_wconf 81' lang='lat' dir='ltr'>concedere</span> <span class='ocrx_word' id='word_1_11' title='bbox 1502 593 1564 639; x_wconf 91' lang='lat' dir='ltr'>non</span> 
     </span>
     <span class='ocr_line' id='line_1_3' title="bbox 349 677 1564 765; baseline -0.001 -20"><span class='ocrx_word' id='word_1_12' title='bbox 349 698 456 765; x_wconf 89' lang='lat' dir='ltr'>posse,</span> <span class='ocrx_word' id='word_1_13' title='bbox 471 699 492 744; x_wconf 91' lang='lat' dir='ltr'>a</span> <span class='ocrx_word' id='word_1_14' title='bbox 507 679 762 763; x_wconf 80' lang='lat' dir='ltr'>Clytaemnestra</span> <span class='ocrx_word' id='word_1_15' title='bbox 777 678 950 762; x_wconf 89' lang='lat' dir='ltr'>quidquam</span> <span class='ocrx_word' id='word_1_16' title='bbox 965 677 1207 744; x_wconf 86' lang='lat' dir='ltr'>condonandum</span> <span class='ocrx_word' id='word_1_17' title='bbox 1221 677 1319 744; x_wconf 85' lang='lat' dir='ltr'>fuisse</span> <span class='ocrx_word' id='word_1_18' title='bbox 1334 677 1564 762; x_wconf 85' lang='lat' dir='ltr'>Agamemnoni</span> 
     </span>
     <span class='ocr_line' id='line_1_4' title="bbox 349 767 1566 870; baseline -0.002 -21"><span class='ocrx_word' id='word_1_19' title='bbox 349 782 448 870; x_wconf 89' lang='lat' dir='ltr'>(tacet</span> <span class='ocrx_word' id='word_1_20' title='bbox 470 767 611 848; x_wconf 85' lang='lat' dir='ltr'>consulto</span> <span class='ocrx_word' id='word_1_21' title='bbox 636 781 676 847; x_wconf 91' lang='lat' dir='ltr'>de</span> <span class='ocrx_word' id='word_1_22' title='bbox 698 782 888 868; x_wconf 79' lang='lat' dir='ltr'>Chryseida)</span> <span class='ocrx_word' id='word_1_23' title='bbox 912 782 1083 868; x_wconf 87' lang='lat' dir='ltr'>vidissent,</span> <span class='ocrx_word' id='word_1_24' title='bbox 1107 784 1254 848; x_wconf 82' lang='lat' dir='ltr'>simones</span> <span class='ocrx_word' id='word_1_25' title='bbox 1270 782 1381 864; x_wconf 88' lang='lat' dir='ltr'>quales</span> <span class='ocrx_word' id='word_1_26' title='bbox 1397 780 1566 866; x_wconf 85' lang='lat' dir='ltr'>descripsit</span> 
     </span>
     <span class='ocr_line' id='line_1_5' title="bbox 351 885 1566 971; baseline -0.002 -18"><span class='ocrx_word' id='word_1_27' title='bbox 351 888 420 954; x_wconf 90' lang='lat' dir='ltr'>cius</span> <span class='ocrx_word' id='word_1_28' title='bbox 449 885 617 971; x_wconf 84' lang='lat' dir='ltr'>Euripides</span> <span class='ocrx_word' id='word_1_29' title='bbox 646 887 870 971; x_wconf 90' lang='lat' dir='ltr'>respexissent.</span> <span class='ocrx_word' id='word_1_30' title='bbox 922 907 970 952; x_wconf 84' lang='lat' dir='ltr'>ces</span> <span class='ocrx_word' id='word_1_31' title='bbox 991 907 1060 952; x_wconf 79' lang='lat' dir='ltr'>ears</span> <span class='ocrx_word' id='word_1_32' title='bbox 1089 892 1144 952; x_wconf 80' lang='lat' dir='ltr'>out</span> <span class='ocrx_word' id='word_1_33' title='bbox 1172 888 1218 950; x_wconf 76' lang='lat' dir='ltr'>etr</span> <span class='ocrx_word' id='word_1_34' title='bbox 1239 885 1305 951; x_wconf 81' lang='lat' dir='ltr'>mul</span> <span class='ocrx_word' id='word_1_35' title='bbox 1327 886 1458 971; x_wconf 65' lang='lat' dir='ltr'>diacos,</span> <span class='ocrx_word' id='word_1_36' title='bbox 1487 887 1566 968; x_wconf 82' lang='lat' dir='ltr'>pais</span> 
     </span>
     <span class='ocr_line' id='line_1_6' title="bbox 351 989 1564 1076; baseline -0.001 -20"><span class='ocrx_word' id='word_1_37' title='bbox 351 991 417 1056; x_wconf 82' lang='lat' dir='ltr'>mal</span> <span class='ocrx_word' id='word_1_38' title='bbox 437 990 572 1073; x_wconf 80' lang='lat' dir='ltr'>corripc&#39;s</span> <span class='ocrx_word' id='word_1_39' title='bbox 595 989 672 1055; x_wconf 90' lang='lat' dir='ltr'>dicit</span> <span class='ocrx_word' id='word_1_40' title='bbox 687 990 819 1057; x_wconf 88' lang='lat' dir='ltr'>Weilius</span> <span class='ocrx_word' id='word_1_41' title='bbox 840 991 1052 1076; x_wconf 89' lang='lat' dir='ltr'>inprobabilia</span> <span class='ocrx_word' id='word_1_42' title='bbox 1073 991 1214 1075; x_wconf 88' lang='lat' dir='ltr'>molitus,</span> <span class='ocrx_word' id='word_1_43' title='bbox 1230 1011 1320 1076; x_wconf 89' lang='lat' dir='ltr'>vere,</span> <span class='ocrx_word' id='word_1_44' title='bbox 1343 997 1377 1055; x_wconf 89' lang='lat' dir='ltr'>at</span> <span class='ocrx_word' id='word_1_45' title='bbox 1391 990 1454 1056; x_wconf 87' lang='lat' dir='ltr'>alio</span> <span class='ocrx_word' id='word_1_46' title='bbox 1470 1009 1564 1073; x_wconf 91' lang='lat' dir='ltr'>quam</span> 
     </span>
     <span class='ocr_line' id='line_1_7' title="bbox 349 1093 1565 1178; baseline -0.002 -16"><span class='ocrx_word' id='word_1_47' title='bbox 349 1095 449 1162; x_wconf 85' lang='lat' dir='ltr'>voluit</span> <span class='ocrx_word' id='word_1_48' title='bbox 468 1113 572 1161; x_wconf 90' lang='lat' dir='ltr'>sensu.</span> <span class='ocrx_word' id='word_1_49' title='bbox 608 1099 807 1178; x_wconf 82' lang='lat'>1051-54,</span> <span class='ocrx_word' id='word_1_50' title='bbox 831 1095 918 1161; x_wconf 90' lang='lat' dir='ltr'>chori</span> <span class='ocrx_word' id='word_1_51' title='bbox 943 1102 1024 1161; x_wconf 89' lang='lat' dir='ltr'>sunt.</span> <span class='ocrx_word' id='word_1_52' title='bbox 1049 1101 1221 1161; x_wconf 82' lang='lat'>1055-6.</span> <span class='ocrx_word' id='word_1_53' title='bbox 1251 1095 1406 1162; x_wconf 89' lang='lat' dir='ltr'>Electrae.</span> <span class='ocrx_word' id='word_1_54' title='bbox 1445 1093 1565 1160; x_wconf 83' lang='lat' dir='ltr'>addere</span> 
     </span>
     <span class='ocr_line' id='line_1_8' title="bbox 351 1197 1565 1285; baseline -0.002 -19"><span class='ocrx_word' id='word_1_55' title='bbox 351 1205 476 1285; x_wconf 90' lang='lat' dir='ltr'>poterat</span> <span class='ocrx_word' id='word_1_56' title='bbox 490 1217 602 1266; x_wconf 86' lang='lat' dir='ltr'>versus</span> <span class='ocrx_word' id='word_1_57' title='bbox 618 1218 688 1276; x_wconf 88' lang='lat' dir='ltr'>curn</span> <span class='ocrx_word' id='word_1_58' title='bbox 704 1199 783 1264; x_wconf 93' lang='lat' dir='ltr'>bene</span> <span class='ocrx_word' id='word_1_59' title='bbox 799 1199 894 1266; x_wconf 80' lang='lat' dir='ltr'>divisi</span> <span class='ocrx_word' id='word_1_60' title='bbox 909 1206 1016 1266; x_wconf 89' lang='lat' dir='ltr'>essent</span> <span class='ocrx_word' id='word_1_61' title='bbox 1030 1197 1146 1265; x_wconf 89' lang='lat' dir='ltr'>deinde</span> <span class='ocrx_word' id='word_1_62' title='bbox 1161 1199 1300 1284; x_wconf 89' lang='lat' dir='ltr'>pessime</span> <span class='ocrx_word' id='word_1_63' title='bbox 1313 1205 1472 1264; x_wconf 89' lang='lat' dir='ltr'>correctos</span> <span class='ocrx_word' id='word_1_64' title='bbox 1484 1218 1565 1282; x_wconf 90' lang='lat' dir='ltr'>esse,</span> 
     </span>
     <span class='ocr_line' id='line_1_9' title="bbox 349 1301 1567 1388; baseline -0.002 -19"><span class='ocrx_word' id='word_1_65' title='bbox 349 1325 424 1369; x_wconf 89' lang='lat' dir='ltr'>nam</span> <span class='ocrx_word' id='word_1_66' title='bbox 457 1301 551 1368; x_wconf 91' lang='lat' dir='ltr'>video</span> <span class='ocrx_word' id='word_1_67' title='bbox 585 1301 636 1366; x_wconf 89' lang='lat' dir='ltr'>bie</span> <span class='ocrx_word' id='word_1_68' title='bbox 665 1302 855 1388; x_wconf 78' lang='lat' dir='ltr'>Camperum</span> <span class='ocrx_word' id='word_1_69' title='bbox 885 1310 958 1368; x_wconf 87' lang='lat' dir='ltr'>ante</span> <span class='ocrx_word' id='word_1_70' title='bbox 985 1324 1036 1369; x_wconf 92' lang='lat' dir='ltr'>me</span> <span class='ocrx_word' id='word_1_71' title='bbox 1062 1323 1172 1370; x_wconf 87' lang='lat' dir='ltr'>verum</span> <span class='ocrx_word' id='word_1_72' title='bbox 1202 1304 1265 1368; x_wconf 87' lang='lat' dir='ltr'>iarn</span> <span class='ocrx_word' id='word_1_73' title='bbox 1296 1303 1482 1370; x_wconf 79' lang='lat' dir='ltr'>restituisse.</span> <span class='ocrx_word' id='word_1_74' title='bbox 1534 1309 1567 1367; x_wconf 87' lang='lat' dir='ltr'>at</span> 
     </span>
     <span class='ocr_line' id='line_1_10' title="bbox 351 1406 1566 1493; baseline -0.001 -18"><span class='ocrx_word' id='word_1_75' title='bbox 351 1406 635 1493; x_wconf 75' lang='lat' dir='ltr'>omninodampcri</span> <span class='ocrx_word' id='word_1_76' title='bbox 656 1407 827 1482; x_wconf 89' lang='lat' dir='ltr'>hebetioris</span> <span class='ocrx_word' id='word_1_77' title='bbox 850 1428 927 1474; x_wconf 86' lang='lat' dir='ltr'>sane</span> <span class='ocrx_word' id='word_1_78' title='bbox 944 1415 976 1474; x_wconf 87' lang='lat' dir='ltr'>et</span> <span class='ocrx_word' id='word_1_79' title='bbox 991 1409 1133 1491; x_wconf 89' lang='lat' dir='ltr'>loquacis</span> <span class='ocrx_word' id='word_1_80' title='bbox 1148 1408 1293 1492; x_wconf 88' lang='lat' dir='ltr'>hominis,</span> <span class='ocrx_word' id='word_1_81' title='bbox 1322 1414 1428 1473; x_wconf 88' lang='lat' dir='ltr'>tamen</span> <span class='ocrx_word' id='word_1_82' title='bbox 1447 1413 1479 1473; x_wconf 89' lang='lat' dir='ltr'>et</span> <span class='ocrx_word' id='word_1_83' title='bbox 1493 1406 1566 1474; x_wconf 87' lang='lat' dir='ltr'>dili·</span> 
     </span>
     <span class='ocr_line' id='line_1_11' title="bbox 349 1509 1566 1596; baseline -0.002 -18"><span class='ocrx_word' id='word_1_84' title='bbox 349 1513 454 1596; x_wconf 88' lang='lat' dir='ltr'>gentis</span> <span class='ocrx_word' id='word_1_85' title='bbox 477 1517 510 1577; x_wconf 92' lang='lat' dir='ltr'>et</span> <span class='ocrx_word' id='word_1_86' title='bbox 530 1511 604 1580; x_wconf 70' lang='lat' dir='ltr'>reri,</span> <span class='ocrx_word' id='word_1_87' title='bbox 621 1509 726 1576; x_wconf 89' lang='lat' dir='ltr'>studio</span> <span class='ocrx_word' id='word_1_88' title='bbox 742 1510 879 1596; x_wconf 91' lang='lat' dir='ltr'>praediti</span> <span class='ocrx_word' id='word_1_89' title='bbox 894 1513 1136 1579; x_wconf 89' lang='lat' dir='ltr'>commentarius</span> <span class='ocrx_word' id='word_1_90' title='bbox 1150 1511 1281 1596; x_wconf 87' lang='lat' dir='ltr'>indigno</span> <span class='ocrx_word' id='word_1_91' title='bbox 1296 1511 1381 1578; x_wconf 87' lang='lat' dir='ltr'>fastu</span> <span class='ocrx_word' id='word_1_92' title='bbox 1398 1512 1566 1596; x_wconf 87' lang='lat' dir='ltr'>spernitur.</span> 
     </span>
     <span class='ocr_line' id='line_1_12' title="bbox 349 1614 1567 1701; baseline -0.001 -19"><span class='ocrx_word' id='word_1_93' title='bbox 349 1615 516 1682; x_wconf 89' lang='lat' dir='ltr'>ridiculum</span> <span class='ocrx_word' id='word_1_94' title='bbox 535 1635 663 1682; x_wconf 89' lang='lat' dir='ltr'>versum</span> <span class='ocrx_word' id='word_1_95' title='bbox 682 1621 745 1680; x_wconf 85' lang='lat'>308</span> <span class='ocrx_word' id='word_1_96' title='bbox 769 1614 944 1701; x_wconf 79' lang='lat' dir='ltr'>Gamperus</span> <span class='ocrx_word' id='word_1_97' title='bbox 960 1616 1051 1682; x_wconf 89' lang='lat' dir='ltr'>obelo</span> <span class='ocrx_word' id='word_1_98' title='bbox 1067 1617 1193 1682; x_wconf 88' lang='lat' dir='ltr'>trafixit.</span> <span class='ocrx_word' id='word_1_99' title='bbox 1231 1622 1405 1700; x_wconf 90' lang='lat' dir='ltr'>recoquunt</span> <span class='ocrx_word' id='word_1_100' title='bbox 1420 1614 1567 1682; x_wconf 88' lang='lat' dir='ltr'>emenda-</span> 
     </span>
     <span class='ocr_line' id='line_1_13' title="bbox 350 1719 1568 1802; baseline 0 -16"><span class='ocrx_word' id='word_1_101' title='bbox 350 1721 468 1786; x_wconf 86' lang='lat' dir='ltr'>tionem</span> <span class='ocrx_word' id='word_1_102' title='bbox 484 1720 565 1785; x_wconf 89' lang='lat' dir='ltr'>alter</span> <span class='ocrx_word' id='word_1_103' title='bbox 582 1720 713 1785; x_wconf 91' lang='lat' dir='ltr'>alterius</span> <span class='ocrx_word' id='word_1_104' title='bbox 728 1720 830 1802; x_wconf 87' lang='lat' dir='ltr'>ignari</span> <span class='ocrx_word' id='word_1_105' title='bbox 847 1719 1084 1788; x_wconf 88' lang='lat' dir='ltr'>Herwerdenus</span> <span class='ocrx_word' id='word_1_106' title='bbox 1101 1721 1263 1787; x_wconf 82' lang='lat' dir='ltr'>Ozwaliua</span> <span class='ocrx_word' id='word_1_107' title='bbox 1278 1720 1471 1788; x_wconf 88' lang='lat' dir='ltr'>Dindorlius.</span> <span class='ocrx_word' id='word_1_108' title='bbox 1509 1719 1568 1786; x_wconf 90' lang='lat' dir='ltr'>sed</span> 
     </span>
     <span class='ocr_line' id='line_1_14' title="bbox 351 1823 1568 1910; baseline 0 -20"><span class='ocrx_word' id='word_1_109' title='bbox 351 1824 428 1908; x_wconf 92' lang='lat' dir='ltr'>quid</span> <span class='ocrx_word' id='word_1_110' title='bbox 450 1825 575 1890; x_wconf 91' lang='lat' dir='ltr'>omnino</span> <span class='ocrx_word' id='word_1_111' title='bbox 598 1823 712 1890; x_wconf 91' lang='lat' dir='ltr'>hocin</span> <span class='ocrx_word' id='word_1_112' title='bbox 734 1843 852 1908; x_wconf 89' lang='lat' dir='ltr'>genere</span> <span class='ocrx_word' id='word_1_113' title='bbox 874 1824 943 1890; x_wconf 91' lang='lat' dir='ltr'>fieri</span> <span class='ocrx_word' id='word_1_114' title='bbox 964 1825 1080 1909; x_wconf 82' lang='lat' dir='ltr'>possit,</span> <span class='ocrx_word' id='word_1_115' title='bbox 1111 1825 1249 1910; x_wconf 91' lang='lat' dir='ltr'>lepidius</span> <span class='ocrx_word' id='word_1_116' title='bbox 1273 1826 1367 1892; x_wconf 88' lang='lat' dir='ltr'>docet</span> <span class='ocrx_word' id='word_1_117' title='bbox 1387 1826 1568 1910; x_wconf 86' lang='lat' dir='ltr'>exemplum</span> 
     </span>
     <span class='ocr_line' id='line_1_15' title="bbox 351 1928 1643 2015; baseline 0.002 -21"><span class='ocrx_word' id='word_1_118' title='bbox 351 1928 478 1995; x_wconf 89' lang='lat' dir='ltr'>Hercul.</span> <span class='ocrx_word' id='word_1_119' title='bbox 501 1934 565 1993; x_wconf 85' lang='grc'>460</span> <span class='ocrx_word' id='word_1_120' title='bbox 588 1947 684 2011; x_wconf 90' lang='lat' dir='ltr'>quam</span> <span class='ocrx_word' id='word_1_121' title='bbox 706 1928 792 2012; x_wconf 90' lang='lat' dir='ltr'>quod</span> <span class='ocrx_word' id='word_1_122' title='bbox 815 1928 940 1997; x_wconf 89' lang='lat' dir='ltr'>silentio</span> <span class='ocrx_word' id='word_1_123' title='bbox 958 1947 1104 2014; x_wconf 89' lang='lat' dir='ltr'>premere</span> <span class='ocrx_word' id='word_1_124' title='bbox 1126 1931 1256 2015; x_wconf 90' lang='lat' dir='ltr'>possim.</span> <span class='ocrx_word' id='word_1_125' title='bbox 1292 1929 1442 1998; x_wconf 75' lang='lat' dir='ltr'>nauum</span> <span class='ocrx_word' id='word_1_126' title='bbox 1463 1929 1508 1996; x_wconf 91' lang='lat' dir='ltr'>ibi</span> <span class='ocrx_word' id='word_1_127' title='bbox 1639 1928 1643 1933; x_wconf 81' lang='grc'><strong>’</strong></span> 
     </span>
    </p>

    <p class='ocr_par' dir='ltr' id='par_1_3' title="bbox 612 2023 1271 2120">
     <span class='ocr_line' id='line_1_16' title="bbox 612 2023 1271 2120; baseline 0.005 -23"><span class='ocrx_word' id='word_1_128' title='bbox 612 2023 632 2120; x_wconf 79' lang='grc' dir='ltr'><strong><em>ἦ</em></strong></span> <span class='ocrx_word' id='word_1_129' title='bbox 655 2025 740 2098; x_wconf 80' lang='grc' dir='ltr'><strong><em>πολύ</em></strong></span> <span class='ocrx_word' id='word_1_130' title='bbox 761 2055 802 2115; x_wconf 81' lang='grc' dir='ltr'>με</span> <span class='ocrx_word' id='word_1_131' title='bbox 823 2029 917 2120; x_wconf 79' lang='grc' dir='ltr'><strong><em>δόξης</em></strong></span> <span class='ocrx_word' id='word_1_132' title='bbox 940 2030 1118 2113; x_wconf 78' lang='grc' dir='ltr'><strong><em>ἐξέπαισαν</em></strong></span> <span class='ocrx_word' id='word_1_133' title='bbox 1138 2030 1271 2112; x_wconf 76' lang='grc' dir='ltr'><strong><em>ἐλπίδες</em></strong></span> 
     </span>
    </p>

    <p class='ocr_par' dir='ltr' id='par_1_4' title="bbox 350 2128 1578 3379">
     <span class='ocr_line' id='line_1_17' title="bbox 614 2128 1334 2238; baseline 0.003 -37"><span class='ocrx_word' id='word_1_134' title='bbox 614 2128 650 2225; x_wconf 73' lang='grc' dir='ltr'>ἢν</span> <span class='ocrx_word' id='word_1_135' title='bbox 674 2133 800 2224; x_wconf 80' lang='grc' dir='ltr'><strong><em>πατρὸς</em></strong></span> <span class='ocrx_word' id='word_1_136' title='bbox 822 2132 908 2220; x_wconf 71' lang='grc' dir='ltr'><em>ὑμῶν</em></span> <span class='ocrx_word' id='word_1_137' title='bbox 930 2135 966 2202; x_wconf 77' lang='grc' dir='ltr'>ἐκ</span> <span class='ocrx_word' id='word_1_138' title='bbox 986 2138 1088 2224; x_wconf 72' lang='grc' dir='ltr'><strong><em>λόγων</em></strong></span> <span class='ocrx_word' id='word_1_139' title='bbox 1111 2139 1185 2238; x_wconf 57' lang='grc' dir='ltr'>παρ’</span> <span class='ocrx_word' id='word_1_140' title='bbox 1208 2133 1334 2228; x_wconf 78' lang='grc' dir='ltr'><strong><em>ἤλπισα</em></strong></span> 
     </span>
     <span class='ocr_line' id='line_1_18' title="bbox 350 2241 1564 2328; baseline 0.001 -19"><span class='ocrx_word' id='word_1_141' title='bbox 350 2243 541 2328; x_wconf 89' lang='lat' dir='ltr'>inprobabili</span> <span class='ocrx_word' id='word_1_142' title='bbox 555 2243 650 2310; x_wconf 91' lang='lat' dir='ltr'>modo</span> <span class='ocrx_word' id='word_1_143' title='bbox 664 2242 746 2308; x_wconf 90' lang='lat' dir='ltr'>haec</span> <span class='ocrx_word' id='word_1_144' title='bbox 761 2241 1027 2327; x_wconf 84' lang='lat' dir='ltr'>defendebantur,</span> <span class='ocrx_word' id='word_1_145' title='bbox 1050 2243 1296 2328; x_wconf 86' lang='lat' dir='ltr'>inprobabiliore</span> <span class='ocrx_word' id='word_1_146' title='bbox 1312 2243 1564 2328; x_wconf 81' lang='lat' dir='ltr'>corrigebantur:</span> 
     </span>
     <span class='ocr_line' id='line_1_19' title="bbox 351 2345 1566 2432; baseline 0 -18"><span class='ocrx_word' id='word_1_147' title='bbox 351 2348 485 2414; x_wconf 85' lang='lat' dir='ltr'>invaluit</span> <span class='ocrx_word' id='word_1_148' title='bbox 505 2347 681 2414; x_wconf 89' lang='lat' dir='ltr'>Hermanni</span> <span class='ocrx_word' id='word_1_149' title='bbox 701 2347 870 2432; x_wconf 83' lang='lat' dir='ltr'>explicatio</span> <span class='ocrx_word' id='word_1_150' title='bbox 893 2345 973 2414; x_wconf 87' lang='lat' dir='ltr'>haec</span> <span class='ocrx_word' id='word_1_151' title='bbox 994 2347 1037 2413; x_wconf 90' lang='lat' dir='ltr'>ad</span> <span class='ocrx_word' id='word_1_152' title='bbox 1066 2348 1151 2414; x_wconf 92' lang='lat' dir='ltr'>idem</span> <span class='ocrx_word' id='word_1_153' title='bbox 1179 2349 1284 2415; x_wconf 90' lang='lat' dir='ltr'>redire</span> <span class='ocrx_word' id='word_1_154' title='bbox 1312 2349 1455 2414; x_wconf 86' lang='lat' dir='ltr'>arbitrati</span> <span class='ocrx_word' id='word_1_155' title='bbox 1477 2369 1516 2414; x_wconf 89' lang='lat' dir='ltr'>ac</span> <span class='ocrx_word' id='word_1_156' title='bbox 1537 2350 1566 2415; x_wconf 91' lang='lat' dir='ltr'>si</span> 
     </span>
     <span class='ocr_line' id='line_1_20' title="bbox 352 2452 1564 2539; baseline -0.002 -19"><span class='ocrx_word' id='word_1_157' title='bbox 352 2453 487 2520; x_wconf 87' lang='lat' dir='ltr'>dixisset</span> <span class='ocrx_word' id='word_1_158' title='bbox 504 2453 674 2539; x_wconf 80' lang='lat' dir='ltr'>Euripides</span> <span class='ocrx_word' id='word_1_159' title='bbox 696 2473 767 2534; x_wconf 83' lang='lat' dir='ltr'>spes</span> <span class='ocrx_word' id='word_1_160' title='bbox 785 2473 855 2518; x_wconf 83' lang='lat' dir='ltr'>mea</span> <span class='ocrx_word' id='word_1_161' title='bbox 876 2452 1038 2534; x_wconf 79' lang='lat' dir='ltr'>frustratu</span> <span class='ocrx_word' id='word_1_162' title='bbox 1052 2458 1097 2519; x_wconf 83' lang='lat' dir='ltr'>est</span> <span class='ocrx_word' id='word_1_163' title='bbox 1111 2455 1292 2535; x_wconf 71' lang='lat' dir='ltr'>opinionem</span> <span class='ocrx_word' id='word_1_164' title='bbox 1307 2474 1418 2519; x_wconf 84' lang='lat' dir='ltr'>mecm.</span> <span class='ocrx_word' id='word_1_165' title='bbox 1456 2474 1564 2537; x_wconf 91' lang='lat' dir='ltr'>quam-</span> 
     </span>
     <span class='ocr_line' id='line_1_21' title="bbox 351 2557 1564 2644; baseline 0 -20"><span class='ocrx_word' id='word_1_166' title='bbox 351 2578 447 2642; x_wconf 89' lang='lat' dir='ltr'>quam</span> <span class='ocrx_word' id='word_1_167' title='bbox 469 2564 554 2626; x_wconf 89' lang='lat' dir='ltr'>recte</span> <span class='ocrx_word' id='word_1_168' title='bbox 576 2558 637 2624; x_wconf 92' lang='lat' dir='ltr'>hoo</span> <span class='ocrx_word' id='word_1_169' title='bbox 658 2558 853 2624; x_wconf 84' lang='lat' dir='ltr'>retutaverat</span> <span class='ocrx_word' id='word_1_170' title='bbox 874 2557 1074 2642; x_wconf 88' lang='lat' dir='ltr'>Hartungus,</span> <span class='ocrx_word' id='word_1_171' title='bbox 1098 2558 1256 2642; x_wconf 90' lang='lat' dir='ltr'>Hauptius</span> <span class='ocrx_word' id='word_1_172' title='bbox 1275 2560 1306 2624; x_wconf 91' lang='lat' dir='ltr'>ei</span> <span class='ocrx_word' id='word_1_173' title='bbox 1320 2566 1472 2644; x_wconf 88' lang='lat' dir='ltr'>patronus</span> <span class='ocrx_word' id='word_1_174' title='bbox 1487 2559 1564 2624; x_wconf 89' lang='lat' dir='ltr'>exti-</span> 
     </span>
     <span class='ocr_line' id='line_1_22' title="bbox 351 2651 1578 2746; baseline 0 -17"><span class='ocrx_word' id='word_1_175' title='bbox 351 2665 390 2730; x_wconf 88' lang='lat' dir='ltr'>tit</span> <span class='ocrx_word' id='word_1_176' title='bbox 427 2663 530 2730; x_wconf 87' lang='lat' dir='ltr'>indicc</span> <span class='ocrx_word' id='word_1_177' title='bbox 563 2663 733 2730; x_wconf 90' lang='lat' dir='ltr'>lectionum</span> <span class='ocrx_word' id='word_1_178' title='bbox 766 2662 1018 2729; x_wconf 89' lang='lat' dir='ltr'>Berolinensium</span> <span class='ocrx_word' id='word_1_179' title='bbox 1049 2670 1141 2730; x_wconf 82' lang='grc'><strong>1864,</strong></span> <span class='ocrx_word' id='word_1_180' title='bbox 1193 2665 1248 2746; x_wconf 90' lang='lat' dir='ltr'>qui</span> <span class='ocrx_word' id='word_1_181' title='bbox 1276 2683 1347 2729; x_wconf 92' lang='lat' dir='ltr'>cum</span> <span class='ocrx_word' id='word_1_182' title='bbox 1376 2663 1437 2730; x_wconf 94' lang='lat' dir='ltr'>hac</span> <span class='ocrx_word' id='word_1_183' title='bbox 1467 2664 1500 2729; x_wconf 94' lang='lat' dir='ltr'>in</span> <span class='ocrx_word' id='word_1_184' title='bbox 1529 2651 1578 2730; x_wconf 86' lang='lat' dir='ltr'>re</span> 
     </span>
     <span class='ocr_line' id='line_1_23' title="bbox 351 2763 1566 2853; baseline -0.002 -19"><span class='ocrx_word' id='word_1_185' title='bbox 351 2774 485 2853; x_wconf 89' lang='lat' dir='ltr'>erraret,</span> <span class='ocrx_word' id='word_1_186' title='bbox 517 2768 626 2834; x_wconf 88' lang='lat' dir='ltr'>reiecit</span> <span class='ocrx_word' id='word_1_187' title='bbox 655 2774 760 2834; x_wconf 88' lang='lat' dir='ltr'>tamen</span> <span class='ocrx_word' id='word_1_188' title='bbox 792 2767 967 2833; x_wconf 90' lang='lat' dir='ltr'>rectissime</span> <span class='ocrx_word' id='word_1_189' title='bbox 991 2768 1129 2833; x_wconf 85' lang='lat' dir='ltr'>Nauekii</span> <span class='ocrx_word' id='word_1_190' title='bbox 1156 2768 1336 2853; x_wconf 89' lang='lat' dir='ltr'>opinionem</span> <span class='ocrx_word' id='word_1_191' title='bbox 1363 2763 1397 2832; x_wconf 82' lang='lat' dir='ltr'>eri</span> <span class='ocrx_word' id='word_1_192' title='bbox 1419 2766 1512 2849; x_wconf 70' lang='grc' dir='ltr'><strong><em>τύχαι</em></strong></span> <span class='ocrx_word' id='word_1_193' title='bbox 1533 2768 1566 2833; x_wconf 93' lang='lat' dir='ltr'>in</span> 
     </span>
     <span class='ocr_line' id='line_1_24' title="bbox 351 2861 1564 2960; baseline -0.001 -22"><span class='ocrx_word' id='word_1_194' title='bbox 351 2873 455 2939; x_wconf 91' lang='lat' dir='ltr'>locum</span> <span class='ocrx_word' id='word_1_195' title='bbox 476 2873 564 2938; x_wconf 83' lang='lat' dir='ltr'>vocis</span> <span class='ocrx_word' id='word_1_196' title='bbox 586 2866 719 2948; x_wconf 76' lang='grc' dir='ltr'><strong><em>ἐλπίδες</em></strong></span> <span class='ocrx_word' id='word_1_197' title='bbox 738 2870 918 2937; x_wconf 89' lang='lat' dir='ltr'>dubitanter</span> <span class='ocrx_word' id='word_1_198' title='bbox 941 2861 1124 2956; x_wconf 83' lang='lat' dir='ltr'>reponentis</span> <span class='ocrx_word' id='word_1_199' title='bbox 1147 2878 1180 2938; x_wconf 91' lang='lat' dir='ltr'>et</span> <span class='ocrx_word' id='word_1_200' title='bbox 1200 2865 1295 2960; x_wconf 66' lang='grc' dir='ltr'><strong><em>δόξαν</em></strong></span> <span class='ocrx_word' id='word_1_201' title='bbox 1308 2866 1452 2952; x_wconf 76' lang='grc' dir='ltr'><strong><em>ἐλπίζειν</em></strong></span> <span class='ocrx_word' id='word_1_202' title='bbox 1467 2873 1564 2940; x_wconf 82' lang='lat' dir='ltr'>nemi-</span> 
     </span>
     <span class='ocr_line' id='line_1_25' title="bbox 350 2975 1564 3061; baseline 0.001 -18"><span class='ocrx_word' id='word_1_203' title='bbox 350 2997 423 3043; x_wconf 91' lang='lat' dir='ltr'>nem</span> <span class='ocrx_word' id='word_1_204' title='bbox 446 2976 552 3042; x_wconf 90' lang='lat' dir='ltr'>dicere</span> <span class='ocrx_word' id='word_1_205' title='bbox 574 2995 670 3060; x_wconf 90' lang='lat' dir='ltr'>posse</span> <span class='ocrx_word' id='word_1_206' title='bbox 691 2975 760 3041; x_wconf 90' lang='lat' dir='ltr'>iure</span> <span class='ocrx_word' id='word_1_207' title='bbox 783 2975 993 3042; x_wconf 84' lang='lat' dir='ltr'>adseveravit.</span> <span class='ocrx_word' id='word_1_208' title='bbox 1032 2977 1165 3043; x_wconf 92' lang='lat' dir='ltr'>coniecit</span> <span class='ocrx_word' id='word_1_209' title='bbox 1186 2977 1283 3061; x_wconf 90' lang='lat' dir='ltr'>igitur</span> <span class='ocrx_word' id='word_1_210' title='bbox 1304 2978 1337 3042; x_wconf 92' lang='lat' dir='ltr'>in</span> <span class='ocrx_word' id='word_1_211' title='bbox 1352 2979 1453 3044; x_wconf 89' lang='lat' dir='ltr'>altero</span> <span class='ocrx_word' id='word_1_212' title='bbox 1468 2997 1564 3044; x_wconf 87' lang='lat' dir='ltr'>versu</span> 
     </span>
     <span class='ocr_line' id='line_1_26' title="bbox 351 3078 1564 3168; baseline 0.002 -23"><span class='ocrx_word' id='word_1_213' title='bbox 351 3078 398 3160; x_wconf 78' lang='grc' dir='ltr'>ἅς.</span> <span class='ocrx_word' id='word_1_214' title='bbox 443 3087 477 3146; x_wconf 88' lang='lat' dir='ltr'>at</span> <span class='ocrx_word' id='word_1_215' title='bbox 505 3099 609 3163; x_wconf 91' lang='lat' dir='ltr'>neque</span> <span class='ocrx_word' id='word_1_216' title='bbox 638 3079 698 3145; x_wconf 91' lang='lat' dir='ltr'>hoc</span> <span class='ocrx_word' id='word_1_217' title='bbox 720 3079 848 3166; x_wconf 89' lang='lat' dir='ltr'>probari</span> <span class='ocrx_word' id='word_1_218' title='bbox 869 3086 976 3164; x_wconf 88' lang='lat' dir='ltr'>potest</span> <span class='ocrx_word' id='word_1_219' title='bbox 996 3080 1101 3168; x_wconf 87' lang='lat' dir='ltr'>(gravi</span> <span class='ocrx_word' id='word_1_220' title='bbox 1121 3081 1204 3146; x_wconf 91' lang='lat' dir='ltr'>enim</span> <span class='ocrx_word' id='word_1_221' title='bbox 1219 3083 1334 3167; x_wconf 90' lang='lat' dir='ltr'>prioris</span> <span class='ocrx_word' id='word_1_222' title='bbox 1349 3101 1462 3150; x_wconf 90' lang='lat' dir='ltr'>versus</span> <span class='ocrx_word' id='word_1_223' title='bbox 1478 3101 1564 3148; x_wconf 89' lang='lat' dir='ltr'>coru-</span> 
     </span>
     <span class='ocr_line' id='line_1_27' title="bbox 352 3181 1564 3273; baseline 0 -21"><span class='ocrx_word' id='word_1_224' title='bbox 352 3187 459 3271; x_wconf 88' lang='lat' dir='ltr'>ptelae</span> <span class='ocrx_word' id='word_1_225' title='bbox 480 3205 544 3250; x_wconf 92' lang='lat' dir='ltr'>non</span> <span class='ocrx_word' id='word_1_226' title='bbox 565 3181 725 3270; x_wconf 89' lang='lat' dir='ltr'>medetur)</span> <span class='ocrx_word' id='word_1_227' title='bbox 747 3203 850 3267; x_wconf 91' lang='lat' dir='ltr'>neque</span> <span class='ocrx_word' id='word_1_228' title='bbox 873 3185 1053 3251; x_wconf 88' lang='lat' dir='ltr'>coniectura</span> <span class='ocrx_word' id='word_1_229' title='bbox 1076 3187 1212 3271; x_wconf 89' lang='lat' dir='ltr'>amplius</span> <span class='ocrx_word' id='word_1_230' title='bbox 1227 3207 1307 3273; x_wconf 92' lang='lat' dir='ltr'>opus</span> <span class='ocrx_word' id='word_1_231' title='bbox 1323 3193 1400 3255; x_wconf 88' lang='lat' dir='ltr'>erat.</span> <span class='ocrx_word' id='word_1_232' title='bbox 1438 3187 1564 3255; x_wconf 89' lang='lat' dir='ltr'>biennio</span> 
     </span>
     <span class='ocr_line' id='line_1_28' title="bbox 353 3289 1486 3379; baseline 0 -23"><span class='ocrx_word' id='word_1_233' title='bbox 353 3296 427 3356; x_wconf 89' lang='lat' dir='ltr'>ante</span> <span class='ocrx_word' id='word_1_234' title='bbox 448 3289 488 3356; x_wconf 91' lang='grc' dir='ltr'>Η.</span> <span class='ocrx_word' id='word_1_235' title='bbox 510 3289 668 3354; x_wconf 81' lang='lat' dir='ltr'>Himelius</span> <span class='ocrx_word' id='word_1_236' title='bbox 691 3289 850 3372; x_wconf 82' lang='lat' dir='ltr'>sagaciter</span> <span class='ocrx_word' id='word_1_237' title='bbox 871 3309 982 3355; x_wconf 88' lang='lat' dir='ltr'>verum</span> <span class='ocrx_word' id='word_1_238' title='bbox 1000 3298 1186 3378; x_wconf 86' lang='lat' dir='ltr'>reppererat</span> <span class='ocrx_word' id='word_1_239' title='bbox 1208 3291 1264 3379; x_wconf 92' lang='lat' dir='ltr'>(de</span> <span class='ocrx_word' id='word_1_240' title='bbox 1287 3291 1405 3358; x_wconf 85' lang='lat' dir='ltr'>direrb.</span> <span class='ocrx_word' id='word_1_241' title='bbox 1431 3290 1486 3378; x_wconf 74' lang='lat'>24)</span> 
     </span>
    </p>

    <p class='ocr_par' dir='ltr' id='par_1_5' title="bbox 350 3375 1578 4426">
     <span class='ocr_line' id='line_1_29' title="bbox 614 3375 1578 3481; baseline 0.005 -24"><span class='ocrx_word' id='word_1_242' title='bbox 614 3385 634 3480; x_wconf 81' lang='grc' dir='ltr'><strong><em>ἦ</em></strong></span> <span class='ocrx_word' id='word_1_243' title='bbox 655 3389 741 3458; x_wconf 82' lang='grc' dir='ltr'><strong><em>πόλι</em></strong></span> <span class='ocrx_word' id='word_1_244' title='bbox 762 3415 798 3478; x_wconf 82' lang='grc' dir='ltr'>γε</span> <span class='ocrx_word' id='word_1_245' title='bbox 819 3386 915 3481; x_wconf 77' lang='grc' dir='ltr'><strong><em>δόξης</em></strong></span> <span class='ocrx_word' id='word_1_246' title='bbox 936 3391 1092 3472; x_wconf 74' lang='grc' dir='ltr'><strong><em>ἐξέπεσον</em></strong></span> <span class='ocrx_word' id='word_1_247' title='bbox 1113 3385 1284 3474; x_wconf 80' lang='grc' dir='ltr'><strong><em>εὐιλπίδας</em></strong></span> <span class='ocrx_word' id='word_1_248' title='bbox 1528 3375 1578 3473; x_wconf 61' lang='lat'>0</span> 
     </span>
     <span class='ocr_line' id='line_1_30' title="bbox 352 3496 1567 3587; baseline 0.002 -23"><span class='ocrx_word' id='word_1_249' title='bbox 352 3518 415 3582; x_wconf 91' lang='lat' dir='ltr'>quo</span> <span class='ocrx_word' id='word_1_250' title='bbox 438 3498 545 3564; x_wconf 86' lang='lat' dir='ltr'>omnia</span> <span class='ocrx_word' id='word_1_251' title='bbox 565 3498 664 3582; x_wconf 91' lang='lat' dir='ltr'>plana</span> <span class='ocrx_word' id='word_1_252' title='bbox 684 3496 754 3563; x_wconf 87' lang='lat' dir='ltr'>fieri</span> <span class='ocrx_word' id='word_1_253' title='bbox 776 3504 889 3583; x_wconf 90' lang='lat' dir='ltr'>sponte</span> <span class='ocrx_word' id='word_1_254' title='bbox 909 3499 1111 3583; x_wconf 87' lang='lat' dir='ltr'>intellegitur.</span> <span class='ocrx_word' id='word_1_255' title='bbox 1156 3501 1264 3584; x_wconf 89' lang='lat' dir='ltr'>paullo</span> <span class='ocrx_word' id='word_1_256' title='bbox 1286 3507 1360 3587; x_wconf 91' lang='lat' dir='ltr'>post</span> <span class='ocrx_word' id='word_1_257' title='bbox 1380 3502 1413 3566; x_wconf 91' lang='lat' dir='ltr'>in</span> <span class='ocrx_word' id='word_1_258' title='bbox 1429 3501 1567 3567; x_wconf 91' lang='lat' dir='ltr'>editione</span> 
     </span>
     <span class='ocr_line' id='line_1_31' title="bbox 351 3601 1566 3691; baseline 0.002 -23"><span class='ocrx_word' id='word_1_259' title='bbox 351 3603 473 3669; x_wconf 88' lang='lat' dir='ltr'>minore</span> <span class='ocrx_word' id='word_1_260' title='bbox 509 3601 644 3668; x_wconf 89' lang='lat' dir='ltr'>eandem</span> <span class='ocrx_word' id='word_1_261' title='bbox 673 3601 926 3669; x_wconf 89' lang='lat' dir='ltr'>emendationem</span> <span class='ocrx_word' id='word_1_262' title='bbox 958 3604 1102 3688; x_wconf 88' lang='lat' dir='ltr'>ignorato</span> <span class='ocrx_word' id='word_1_263' title='bbox 1130 3605 1269 3672; x_wconf 81' lang='lat' dir='ltr'>Himelio</span> <span class='ocrx_word' id='word_1_264' title='bbox 1298 3605 1429 3691; x_wconf 87' lang='lat' dir='ltr'>protulit</span> <span class='ocrx_word' id='word_1_265' title='bbox 1455 3605 1566 3671; x_wconf 90' lang='lat' dir='ltr'>Kircb·</span> 
     </span>
     <span class='ocr_line' id='line_1_32' title="bbox 351 3706 1567 3795; baseline 0.001 -21"><span class='ocrx_word' id='word_1_266' title='bbox 351 3706 483 3792; x_wconf 90' lang='lat' dir='ltr'>hoffius,</span> <span class='ocrx_word' id='word_1_267' title='bbox 512 3726 574 3790; x_wconf 91' lang='lat' dir='ltr'>quo</span> <span class='ocrx_word' id='word_1_268' title='bbox 603 3713 731 3773; x_wconf 88' lang='lat' dir='ltr'>auctore</span> <span class='ocrx_word' id='word_1_269' title='bbox 760 3707 944 3774; x_wconf 87' lang='lat' dir='ltr'>Dindorfius</span> <span class='ocrx_word' id='word_1_270' title='bbox 972 3728 1044 3774; x_wconf 90' lang='lat' dir='ltr'>eam</span> <span class='ocrx_word' id='word_1_271' title='bbox 1072 3711 1209 3795; x_wconf 88' lang='lat' dir='ltr'>recepit,</span> <span class='ocrx_word' id='word_1_272' title='bbox 1240 3711 1299 3777; x_wconf 88' lang='lat' dir='ltr'>etsi</span> <span class='ocrx_word' id='word_1_273' title='bbox 1330 3711 1406 3776; x_wconf 89' lang='lat' dir='ltr'>alibi</span> <span class='ocrx_word' id='word_1_274' title='bbox 1435 3709 1567 3776; x_wconf 80' lang='lat' dir='ltr'>Himelii</span> 
     </span>
     <span class='ocr_line' id='line_1_33' title="bbox 352 3811 1567 3897; baseline 0.002 -19"><span class='ocrx_word' id='word_1_275' title='bbox 352 3812 543 3878; x_wconf 92' lang='lat' dir='ltr'>mentionem</span> <span class='ocrx_word' id='word_1_276' title='bbox 574 3812 670 3877; x_wconf 90' lang='lat' dir='ltr'>inicit.</span> <span class='ocrx_word' id='word_1_277' title='bbox 722 3811 887 3878; x_wconf 85' lang='lat' dir='ltr'>Nauckius</span> <span class='ocrx_word' id='word_1_278' title='bbox 920 3812 1057 3897; x_wconf 91' lang='lat' dir='ltr'>denique</span> <span class='ocrx_word' id='word_1_279' title='bbox 1091 3815 1124 3880; x_wconf 94' lang='lat' dir='ltr'>in</span> <span class='ocrx_word' id='word_1_280' title='bbox 1154 3815 1292 3881; x_wconf 89' lang='lat' dir='ltr'>editione</span> <span class='ocrx_word' id='word_1_281' title='bbox 1317 3816 1412 3882; x_wconf 87' lang='lat' dir='ltr'>tertia</span> <span class='ocrx_word' id='word_1_282' title='bbox 1442 3815 1567 3881; x_wconf 87' lang='lat' dir='ltr'>abiecta</span> 
     </span>
     <span class='ocr_line' id='line_1_34' title="bbox 350 3915 1566 4002; baseline 0.002 -21"><span class='ocrx_word' id='word_1_283' title='bbox 350 3917 452 4002; x_wconf 92' lang='lat' dir='ltr'>ipsius</span> <span class='ocrx_word' id='word_1_284' title='bbox 482 3915 629 4001; x_wconf 89' lang='lat' dir='ltr'>opinione</span> <span class='ocrx_word' id='word_1_285' title='bbox 658 3916 791 3981; x_wconf 77' lang='lat' dir='ltr'>Himelii</span> <span class='ocrx_word' id='word_1_286' title='bbox 819 3917 977 4002; x_wconf 83' lang='lat' dir='ltr'>meminit,</span> <span class='ocrx_word' id='word_1_287' title='bbox 1007 3920 1067 3984; x_wconf 89' lang='lat' dir='ltr'>etsi</span> <span class='ocrx_word' id='word_1_288' title='bbox 1096 3919 1200 3984; x_wconf 87' lang='lat' dir='ltr'>locum</span> <span class='ocrx_word' id='word_1_289' title='bbox 1229 3919 1381 3985; x_wconf 85' lang='lat' dir='ltr'>intactum</span> <span class='ocrx_word' id='word_1_290' title='bbox 1409 3919 1566 4002; x_wconf 90' lang='lat' dir='ltr'>relinquit.</span> 
     </span>
     <span class='ocr_line' id='line_1_35' title="bbox 353 4020 1567 4091; baseline 0.003 -5"><span class='ocrx_word' id='word_1_291' title='bbox 353 4020 501 4088; x_wconf 89' lang='lat' dir='ltr'>crederes</span> <span class='ocrx_word' id='word_1_292' title='bbox 529 4039 595 4086; x_wconf 90' lang='lat' dir='ltr'>rem</span> <span class='ocrx_word' id='word_1_293' title='bbox 625 4021 810 4087; x_wconf 88' lang='lat' dir='ltr'>absolutam.</span> <span class='ocrx_word' id='word_1_294' title='bbox 856 4021 964 4088; x_wconf 87' lang='lat' dir='ltr'>existit</span> <span class='ocrx_word' id='word_1_295' title='bbox 984 4021 1147 4090; x_wconf 89' lang='lat' dir='ltr'>Usenerus</span> <span class='ocrx_word' id='word_1_296' title='bbox 1172 4063 1212 4073; x_wconf 85' lang='lat'>--</span> <span class='ocrx_word' id='word_1_297' title='bbox 1235 4025 1458 4091; x_wconf 88' lang='lat' dir='ltr'>Nauckianum</span> <span class='ocrx_word' id='word_1_298' title='bbox 1485 4043 1567 4090; x_wconf 90' lang='lat' dir='ltr'>nunc</span> 
     </span>
     <span class='ocr_line' id='line_1_36' title="bbox 351 4118 1567 4215; baseline 0.004 -25"><span class='ocrx_word' id='word_1_299' title='bbox 351 4126 403 4191; x_wconf 89' lang='lat' dir='ltr'>vel</span> <span class='ocrx_word' id='word_1_300' title='bbox 432 4125 551 4191; x_wconf 90' lang='lat' dir='ltr'>auctori</span> <span class='ocrx_word' id='word_1_301' title='bbox 580 4130 721 4210; x_wconf 90' lang='lat' dir='ltr'>spretum</span> <span class='ocrx_word' id='word_1_302' title='bbox 750 4118 785 4188; x_wconf 76' lang='grc' dir='ltr'>αἱ</span> <span class='ocrx_word' id='word_1_303' title='bbox 814 4119 906 4205; x_wconf 80' lang='grc' dir='ltr'><strong><em>τύχαι</em></strong></span> <span class='ocrx_word' id='word_1_304' title='bbox 929 4129 1078 4212; x_wconf 89' lang='lat' dir='ltr'>recoquit.</span> <span class='ocrx_word' id='word_1_305' title='bbox 1111 4129 1254 4212; x_wconf 86' lang='lat' dir='ltr'>protecto</span> <span class='ocrx_word' id='word_1_306' title='bbox 1276 4131 1330 4212; x_wconf 91' lang='lat' dir='ltr'>qui</span> <span class='ocrx_word' id='word_1_307' title='bbox 1352 4131 1385 4194; x_wconf 92' lang='lat' dir='ltr'>in</span> <span class='ocrx_word' id='word_1_308' title='bbox 1405 4127 1567 4215; x_wconf 86' lang='lat' dir='ltr'>Euripidis</span> 
     </span>
     <span class='ocr_line' id='line_1_37' title="bbox 352 4230 1567 4319; baseline 0.002 -23"><span class='ocrx_word' id='word_1_309' title='bbox 352 4230 573 4298; x_wconf 87' lang='lat' dir='ltr'>emendatione</span> <span class='ocrx_word' id='word_1_310' title='bbox 594 4231 673 4297; x_wconf 88' lang='lat' dir='ltr'>satis</span> <span class='ocrx_word' id='word_1_311' title='bbox 696 4249 768 4297; x_wconf 89' lang='lat' dir='ltr'>csse</span> <span class='ocrx_word' id='word_1_312' title='bbox 791 4231 938 4315; x_wconf 89' lang='lat' dir='ltr'>opinatus</span> <span class='ocrx_word' id='word_1_313' title='bbox 961 4239 1011 4298; x_wconf 91' lang='lat' dir='ltr'>est</span> <span class='ocrx_word' id='word_1_314' title='bbox 1032 4252 1142 4300; x_wconf 87' lang='lat' dir='ltr'>verum</span> <span class='ocrx_word' id='word_1_315' title='bbox 1165 4234 1266 4300; x_wconf 90' lang='lat' dir='ltr'>semel</span> <span class='ocrx_word' id='word_1_316' title='bbox 1280 4235 1429 4319; x_wconf 83' lang='lat' dir='ltr'>inveniri,</span> <span class='ocrx_word' id='word_1_317' title='bbox 1450 4233 1567 4300; x_wconf 85' lang='lat' dir='ltr'>falsum</span> 
     </span>
     <span class='ocr_line' id='line_1_38' title="bbox 353 4325 1343 4426; baseline 0 -22"><span class='ocrx_word' id='word_1_318' title='bbox 353 4337 453 4404; x_wconf 87' lang='lat' dir='ltr'>semel</span> <span class='ocrx_word' id='word_1_319' title='bbox 476 4335 579 4404; x_wconf 85' lang='lat' dir='ltr'>refelli</span> <span class='ocrx_word' id='word_1_320' title='bbox 598 4373 642 4385; x_wconf 83' lang='lat'>-</span> <span class='ocrx_word' id='word_1_321' title='bbox 664 4325 684 4426; x_wconf 81' lang='grc' dir='ltr'><em>ἦ</em></span> <span class='ocrx_word' id='word_1_322' title='bbox 704 4326 790 4399; x_wconf 80' lang='grc' dir='ltr'><strong><em>πολύ</em></strong></span> <span class='ocrx_word' id='word_1_323' title='bbox 812 4355 847 4418; x_wconf 77' lang='grc' dir='ltr'>γε</span> <span class='ocrx_word' id='word_1_324' title='bbox 869 4327 965 4423; x_wconf 71' lang='grc' dir='ltr'><strong><em>δόξης</em></strong></span> <span class='ocrx_word' id='word_1_325' title='bbox 988 4331 1142 4414; x_wconf 75' lang='grc' dir='ltr'><strong><em>ἐξέπεσεν</em></strong></span> <span class='ocrx_word' id='word_1_326' title='bbox 1164 4329 1343 4420; x_wconf 76' lang='grc' dir='ltr'><strong><em>εὐιλπίδος.</em></strong></span> 
     </span>
    </p>
   </div>
   <div class='ocr_carea' id='block_1_3' title="bbox 831 4579 1082 4592">
    <p class='ocr_par' dir='ltr' id='par_1_6' title="bbox 831 4579 1082 4592">
     <span class='ocr_line' id='line_1_39' title="bbox 831 4579 1082 4592; baseline 0.008 -2"><span class='ocrx_word' id='word_1_327' title='bbox 831 4579 1082 4592; x_wconf 54' lang='lat' dir='ltr'>-t-——an-</span> 
     </span>
    </p>
   </div>
   <div class='ocr_carea' id='block_1_4' title="bbox 0 0 1802 5284">
    <p class='ocr_par' dir='ltr' id='par_1_7' title="bbox 0 0 1802 5284">
     <span class='ocr_line' id='line_1_40' title="bbox 0 0 1802 5284; baseline 0 0"><span class='ocrx_word' id='word_1_328' title='bbox 0 0 1802 5284; x_wconf 95' lang='lat' dir='ltr'> </span> 
     </span>
    </p>
   </div>
  </div>
 </body>
</html>
