3626 5288
386 449 438 505 134
948 445 984 502 H.
1004 449 1028 504 1.

386 643 440 688 ces
470 622 644 706 praebent,
676 640 759 686 nunc
787 641 850 685 non
880 626 945 684 tarn
972 621 1066 685 obvia
1090 625 1179 704 sunt,
1211 620 1360 702 quoniam
1390 620 1518 703 singula
1540 620 1605 686 suis

386 725 464 792 locis
494 726 616 790 inserta
638 730 723 807 sunt,
757 744 878 808 operae
897 729 1003 788 tamen
1032 725 1169 807 pretium
1199 725 1260 789 erit
1286 724 1437 788 intentius
1465 725 1498 788 in
1524 724 1607 788 hanc

384 827 536 894 historiae
575 829 753 893 litterarum
794 834 918 913 partem
958 827 1153 908 inquirerem
1190 827 1268 892 nihil
1311 833 1417 892 autem
1457 827 1605 911 nobilius,

385 950 481 1014 quam
511 951 551 996 ex
578 932 796 998 scaenicorum
818 931 993 996 Atticorum
1020 930 1136 996 fabulis
1167 930 1328 996 diversum
1350 931 1479 1013 quidem
1502 931 1605 996 diver-

385 1034 430 1100 sis
466 1034 662 1118 temporibus
705 1034 753 1121 (at
789 1055 916 1118 semper
952 1033 1087 1102 eundem
1125 1035 1277 1118 omnium,
1326 1035 1380 1116 qui
1417 1035 1451 1100 in
1488 1033 1605 1100 scholis

384 1138 618 1216 tractabantur,
664 1137 844 1224 poetarum)
884 1157 1049 1205 numerum
1090 1139 1265 1204 lectitatum
1303 1157 1376 1204 esse
1414 1144 1447 1203 et
1490 1158 1604 1223 propa

384 1247 502 1324 gatum.
551 1240 647 1307 valde
675 1241 845 1308 dolendum
873 1248 939 1325 est,
972 1242 1114 1325 ignotum
1147 1261 1234 1326 esse,
1272 1241 1401 1324 quando
1429 1242 1483 1307 illc
1520 1241 1604 1307 dele-

384 1348 453 1409 ctus
479 1343 583 1410 iactus
614 1345 669 1428 sit;
702 1366 776 1410 nam
809 1351 895 1410 certo
925 1345 1104 1411 testimonio
1134 1365 1197 1410 non
1229 1345 1313 1409 ultra
1331 1333 1500 1440 blnastasii
1529 1349 1603 1412 tem·

351 1507 354 1539 l
383 1467 463 1531 pora
491 1447 695 1527 remittimur,
728 1468 790 1530 quo
820 1449 1021 1533 imperitante
1051 1449 1212 1531 Eugenius
1243 1449 1469 1531 grammaticus
1504 1449 1604 1512 κωλο-

351 1563 353 1600 ³
383 1545 517 1637 μετρίαν
549 1553 611 1614 τῶν
643 1551 783 1633 paciencia
816 1548 983 1634 Αἰσχύλου
1004 1549 1208 1634 Σοφοκλέους
1240 1550 1296 1616 καὶ
1320 1542 1500 1636 Εἰριπίδου
1535 1532 1604 1615 cirre

384 1650 555 1738 δραμάτων
590 1648 626 1718 ιε’
660 1657 840 1740 conposuit,
879 1662 986 1721 tamen
1019 1662 1075 1722 aut
1108 1657 1238 1740 egregie
1272 1655 1366 1721 fallor
1397 1661 1472 1720 aut*
1491 1655 1606 1721 Iuliani

352 1783 355 1840 q
386 1757 574 1840 Libaniiquc
609 1758 728 1842 scripta
754 1759 850 1824 valde
884 1759 1049 1844 probabile
1086 1758 1223 1825 reddunt
1257 1759 1388 1825 easdem
1416 1759 1485 1825 iere
1512 1765 1608 1841 atque

353 1854 355 1904 i
382 1859 481 1926 hodie
507 1863 723 1927 scaenicorum
750 1864 846 1946 vulgo
869 1863 1027 1929 lectitatas
1055 1882 1128 1928 esse
1149 1863 1289 1948 fabulas,
1317 1869 1487 1947 praeterea
1509 1882 1605 1945 qnam

382 1963 467 2046 quod
499 1965 676 2032 Menander
713 1986 751 2032 co
784 1973 927 2051 ternpore
958 1966 1213 2050 frequentissime
1242 1967 1418 2051 legebatur.
1468 1972 1503 2031 at
1524 1966 1605 2031 haec

382 2067 554 2135 subtilioris
593 2075 626 2135 et
663 2071 704 2136 ab
742 2071 867 2153 integro
900 2070 1113 2136 instituendae
1151 2071 1378 2154 disquisitionis
1419 2076 1506 2136 sunt:
1545 2089 1605 2154 per

382 2190 454 2236 eam
489 2177 627 2238 aetatem
667 2193 762 2255 quarn
792 2175 965 2258 praecipue
996 2174 1205 2259 Byzantinam
1236 2174 1343 2240 dicere
1382 2173 1604 2240 consuevimus

381 2279 534 2357 septenae
571 2277 788 2342 scaenicorum
821 2277 948 2342 fabulae
981 2277 1015 2341 in
1052 2276 1169 2342 sobolis
1205 2283 1363 2342 tractatae
1397 2283 1482 2362 sunt,
1520 2278 1606 2340 ultra

384 2395 465 2460 quas
498 2378 721 2446 scholasticam
754 2386 841 2446 certe
870 2381 1038 2446 lectionem
1062 2401 1126 2445 non
1155 2381 1352 2464 processisse
1379 2382 1453 2464 ipsa
1482 2380 1605 2446 scholia

381 2487 546 2548 testantur.
590 2503 666 2548 narn
697 2482 793 2549 valde
825 2483 952 2548 adridet
984 2483 1069 2566 quod
1092 2483 1252 2566 Bergkius
1283 2483 1377 2567 dixit,
1417 2483 1605 2569 Byzantinis

381 2585 570 2668 magistellis
607 2586 703 2652 etiam
745 2607 785 2652 ex
822 2585 1037 2671 Aristophane
1075 2593 1197 2670 septem
1230 2586 1409 2652 tabularum
1444 2586 1605 2652 delectum

382 2693 512 2772 praesto
534 2688 647 2773 fuisse,
671 2709 751 2772 quas
773 2691 915 2781 Venetus
938 2690 1092 2772 continet,
1116 2690 1243 2754 Plutum
1258 2691 1366 2756 Ranas
1381 2690 1493 2755 Nubes
1509 2689 1604 2772 liqui-

324 2786 330 2794 '
382 2796 431 2856 tes
461 2791 548 2857 Aves
570 2793 688 2857 Pacem
714 2792 848 2877 Vespas.
898 2800 993 2875 atque
1025 2793 1109 2858 huuc
1143 2792 1286 2858 ordinem
1315 2793 1494 2876 legitimum
1524 2813 1598 2859 esse

381 2893 475 2960 facile
508 2896 720 2979 perspexeris.
772 2897 893 2962 scilicet
925 2903 1011 2962 certo
1044 2895 1182 2979 quodam
1214 2895 1327 2962 ordine
1362 2917 1397 2962 sc
1434 2897 1602 2980 excepisse

382 2985 509 3064 i'abulas
532 3017 603 3062 cum
617 2999 691 3064 ‘alia
711 2998 840 3083 docent,
863 3005 930 3064 turn
952 2999 1027 3066 inde
1050 2999 1231 3083 conligitur,
1260 2998 1345 3081 quod
1369 3000 1521 3066 coartatis
1544 3000 1603 3066 sub

382 3100 478 3165 finem
518 3101 644 3185 imperii
680 3102 856 3168 studiorum
894 3103 1036 3168 terminis
1069 3109 1180 3168 ternae
1209 3108 1331 3168 tantum
1360 3123 1419 3186 per
1453 3123 1602 3168 numeros

386 3203 549 3286 designari
577 3205 691 3270 solitae
717 3205 999 3288 frequentabantur
1031 3205 1168 3271 tabulae.
1213 3205 1289 3288 quin
1318 3205 1415 3270 etiam
1448 3206 1603 3272 memoria

383 3313 490 3389 teneo,
519 3308 618 3372 semel
640 3328 692 3374 me
714 3301 801 3392 apud
823 3310 1034 3393 Byzantinum
1055 3307 1296 3392 grammaticum
1316 3306 1471 3394 τέταρτον
1492 3309 1602 3394 δρᾶμα

384 3408 569 3492 adlegatum
589 3411 723 3495 legisse,
746 3431 817 3476 cum
836 3418 943 3477 tamen
965 3413 1027 3477 loci
1048 3412 1214 3477 immernor
1234 3411 1310 3495 sim,
1331 3411 1523 3495 gravissimo
1543 3412 1601 3476 ful-

382 3533 436 3578 cro
468 3511 631 3579 destituor.
676 3515 751 3580 nam
779 3535 819 3580 ex
850 3515 1011 3582 codicibus
1041 3515 1073 3580 in
1095 3515 1255 3600 Aeschylo
1286 3521 1318 3581 et
1340 3515 1500 3600 Sophocle
1523 3515 1601 3580 nihil

382 3615 550 3702 docemur,
584 3618 732 3700 quoniam
758 3619 911 3703 Aeschyli
933 3619 1119 3702 tragoediae
1143 3639 1202 3704 per
1228 3638 1325 3683 unum
1354 3619 1497 3685 codicem
1519 3620 1600 3684 Lau-

382 3721 561 3786 rentianum
583 3721 720 3787 traditae
744 3728 817 3788 sunt
831 3721 942 3788 ordine
957 3723 1071 3788 mirum
1085 3723 1118 3788 in
1132 3721 1261 3788 modum
1276 3723 1411 3806 turbato,
1432 3723 1601 3808 Sophoclis

382 3830 488 3890 autem
511 3831 567 3889 aut
588 3844 647 3909 per
669 3825 917 3892 Laurentianum
940 3826 1055 3910 solum,
1078 3831 1133 3892 aut
1154 3846 1213 3910 per
1234 3845 1354 3910 paucos
1378 3826 1473 3910 ahos,
1497 3827 1553 3909 qui
1567 3833 1601 3892 ut

381 3947 460 4012 prae
482 3926 696 3993 Laurentiano
722 3928 835 3993 merito
864 3927 1006 4012 sordent,
1035 3929 1081 3994 ita
1110 3929 1143 3993 in
1165 3928 1292 4013 ordine,
1323 3948 1418 4012 quem
1439 3929 1601 3996 diversum

380 4031 550 4116 praebent,
571 4029 708 4097 fortasse
730 4050 793 4096 non
816 4032 901 4096 omni
923 4051 964 4096 ex
986 4038 1084 4116 parte
1099 4031 1257 4097 abiciendi
1279 4031 1383 4097 videri
1396 4033 1530 4118 possint.
1569 4040 1602 4099 at

382 4153 438 4200 our
464 4151 507 4199 ex
536 4141 672 4216 quatuor
700 4134 928 4218 posterioribus
965 4134 1139 4218 tragoediis
1170 4155 1266 4200 unam
1300 4135 1393 4201 alteri
1424 4142 1480 4201 aut
1509 4157 1600 4222 prae-

380 4229 518 4323 positam
556 4243 612 4302 aut
651 4237 861 4322 postpositam
897 4238 995 4322 velis,
1035 4239 1123 4304 nulla
1158 4239 1239 4304 ratio
1280 4245 1346 4322 cst,
1387 4238 1506 4306 codicis
1546 4245 1602 4306 aut

381 4339 492 4426 optimi
537 4347 592 4406 aut
633 4340 717 4406 unici
752 4339 834 4407 fides
872 4340 1030 4407 deseritur
1072 4361 1162 4407 mera
1202 4341 1351 4408 libidine:
1393 4341 1477 4406 κατὰ
1510 4366 1601 4409 στοι-

378 4447 466 4524 χεῖον
494 4463 614 4528 paucas
645 4443 828 4526 tragoedias
858 4444 1042 4529 disponere,
1079 4464 1192 4511 everso
1221 4445 1281 4531 ita,
1322 4446 1376 4528 qui
1406 4452 1514 4514 certus
1543 4453 1601 4532 est,

380 4546 676 4632 triumprimarum
703 4545 883 4614 fabularum
912 4546 1039 4632 ordine,
1072 4553 1104 4613 et
1131 4547 1333 4616 hbidinosum
1360 4556 1411 4615 est
1439 4556 1472 4615 et
1491 4550 1601 4618 absur-
