3666 5296
370 406 422 465 212
926 411 980 472 lli.
998 416 1023 474 4.

372 591 464 650 atrox
493 586 615 654 facinus
639 589 861 656 delaberetur?
898 593 1042 657 occulere
1065 591 1166 657 voluit
1186 611 1341 656 amorem:
1365 589 1511 656 confessa
1525 593 1583 653 est.

371 690 519 757 resistere
548 695 616 759 vult
645 695 745 760 amori
764 719 809 742 ·-—
838 696 866 762 si
894 697 1094 763 resistentem
1114 695 1192 762 facit
1212 694 1396 781 Euripides,
1431 694 1491 760 sibi
1513 693 1584 777 ipse

369 793 531 882 obstrepit.

403 923 407 932 ·
455 901 628 985 Postquam
648 903 776 989 chorus,
804 912 993 989 perpetuum
1017 904 1097 970 illud
1124 905 1202 971 artis
1221 905 1364 989 tragicae
1390 901 1476 988 apud
1495 902 1584 968 Euri-

368 1003 475 1091 pidem
504 1007 777 1093 impedimentum,
811 1008 998 1093 pudicitiam
1021 1010 1099 1075 satis
1120 1007 1237 1093 frigido
1258 1009 1429 1094 praeconio
1451 1007 1584 1091 ornavit,

367 1102 473 1175 nutrix
494 1111 662 1178 Phaedrae
683 1134 746 1179 non
766 1113 870 1180 minus
886 1115 1017 1198 egregia
1031 1115 1204 1198 respondet
1219 1115 1369 1180 oratione.
1405 1113 1472 1180 sinc
1487 1131 1584 1178 causa

368 1235 403 1282 se
426 1217 589 1284 confusam
612 1239 697 1304 esse,
725 1238 797 1284 cum
818 1217 986 1285 Phaedrae
1009 1239 1152 1286 amorem
1172 1219 1310 1304 primurn
1334 1218 1459 1284 audiret
1473 1215 1583 1304 (finxe-

367 1326 417 1391 rat
448 1321 537 1388 illam
569 1322 793 1390 confusionem.
843 1323 901 1390 scd
933 1343 1057 1407 nequeo
1087 1323 1219 1390 nutricis
1252 1343 1358 1389 mores
1390 1323 1484 1390 simul
1513 1342 1583 1388 cum

366 1423 515 1491 Phaedra
536 1447 708 1513 exponere,
735 1429 926 1514 interpretes
948 1429 1027 1494 nihil
1047 1427 1216 1516 viderunt).
1260 1427 1340 1493 nihil
1362 1429 1445 1493 enim
1466 1427 1584 1494 insoliti

365 1527 547 1596 Phaedram
579 1552 710 1617 passam
744 1553 829 1617 esse,
869 1532 1096 1599 reluctantibus
1123 1539 1245 1598 tantum
1272 1552 1414 1598 amorem
1442 1531 1583 1616 graviter

365 1633 555 1701 incumbere.
599 1656 659 1702 nec
687 1637 737 1702 fas
765 1656 836 1703 esse
864 1657 937 1703 eum
963 1633 1060 1703 deum
1087 1638 1195 1723 sperni
1223 1637 1277 1719 qui
1306 1657 1370 1702 non
1402 1637 1504 1702 solum
1525 1655 1583 1720 per

366 1739 472 1804 omnia
497 1741 679 1806 animalium
705 1761 825 1825 genera
846 1748 971 1826 regnet,
1002 1741 1060 1808 sed
1081 1739 1160 1808 deos
1182 1761 1308 1824 quoque
1331 1741 1392 1807 sibi
1415 1739 1583 1807 subiecerit

366 1862 484 1926 eosque
506 1845 634 1910 minime
655 1845 781 1912 invitos.
826 1844 958 1912 deorum
978 1845 1076 1930 igitur
1095 1847 1276 1932 exemplum
1298 1865 1371 1911 esse
1386 1844 1582 1928 sequendum

366 1955 398 2014 et
417 1948 500 2014 inter
521 1950 671 2016 mortales
693 1950 932 2035 prudentissimi
953 1951 1121 2035 cuiusque,
1151 1951 1206 2033 qui
1226 1968 1342 2035 parum
1362 1950 1497 2016 honesta
1517 1969 1581 2015 non

259 2137 261 2140 Ι
365 2052 398 2116 in
419 2053 522 2118 lucem
549 2053 716 2138 protrahat
745 2054 803 2120 scd
824 2055 921 2120 tacite
943 2053 1107 2122 condonet.
1152 2055 1330 2120 absolutum
1354 2060 1386 2120 et
1407 2054 1581 2139 perfectam

364 2157 516 2224 virtutem
537 2179 597 2243 pro
619 2159 712 2225 huius
735 2160 861 2244 generis
882 2160 1101 2228 imbecillitate
1121 2160 1241 2225 nullam
1257 2179 1344 2244 esse,
1369 2159 1491 2244 utplus
1505 2159 1581 2224 honi

364 2281 459 2345 quarn
491 2264 567 2328 mali
592 2263 707 2330 fecisse
734 2265 805 2331 laus
832 2285 896 2331 non
924 2265 1038 2331 ultima
1063 2264 1112 2331 sit.
1157 2264 1249 2330 vides
1276 2271 1312 2330 ut
1332 2263 1475 2347 nequitia
1495 2265 1580 2330 lento

363 2366 493 2434 brachio
530 2369 729 2435 honestatem
760 2368 803 2435 ad
832 2370 937 2436 scelus
963 2368 1109 2436 declinet.
1164 2369 1294 2435 tandem
1324 2369 1403 2436 satis
1434 2369 1582 2454 praefata

363 2471 440 2553 quid
463 2471 644 2539 Phaedram
664 2473 771 2540 faeere
789 2475 898 2540 iubeat
917 2473 1012 2540 claris
1035 2481 1067 2540 et
1088 2471 1246 2540 onmem
1264 2473 1376 2540 ,verbis
1397 2472 1530 2539 indicat:

508 2587 510 2592 '
580 2569 647 2643 ἀλλ’
668 2569 696 2642 ὦ
719 2575 897 2665 pilpaei,
919 2578 994 2666 λῆγε
1013 2575 1073 2660 μὲν
1093 2583 1199 2643 κακῶν
1218 2583 1340 2664 φρενῶν

580 2681 678 2769 λῆξαν
701 2682 730 2746 d'
751 2677 928 2768 ὑβρίζοοσ·
960 2671 997 2748 οὗ
1018 2679 1078 2768 γὰρ
1097 2676 1177 2746 ἄλλο
1201 2680 1285 2770 πλὴν
1303 2679 1396 2768 ὕβρις

579 2779 651 2850 told'
675 2783 746 2852 ἐστὶ
768 2782 908 2873 κρείσσω
930 2782 1091 2869 δαιμόνων
1115 2776 1199 2850 εἶναι
1220 2783 1348 2852 θέλειν·

580 2884 685 2972 τόλμα
707 2891 735 2956 d‘
759 2887 878 2978 ἐρῶσα,
901 2888 982 2968 θεὸς
1001 2884 1164 2977 ἐβουλήθη
1184 2887 1272 2956 τάδε.

362 2993 496 3078 perfecit
529 2994 712 3060 orationem.
757 2980 818 3061 neo¹
849 2994 927 3078 quid
956 2993 1095 3061 addatur
1120 3001 1182 3080 ost,
1215 3015 1275 3061 nec
1304 2994 1404 3061 ferret
1431 2995 1580 3061 Phaedra

361 3097 455 3183 plura
487 3099 520 3162 in
546 3098 629 3165 hanc
655 3100 844 3166 sententiam
873 3099 1099 3186 disputantem.
1143 3099 1177 3164 in
1203 3118 1242 3165 eo
1270 3098 1356 3182 quod
1377 3107 1452 3186 post
1475 3101 1579 3185 copio-

362 3203 520 3268 sissimam
553 3203 728 3270 orationem
761 3204 926 3271 consilium
951 3204 1057 3289 ipsum
1083 3203 1194 3289 paucis
1225 3203 1466 3290 conprehendit,
1494 3203 1580 3288 quod

361 3297 542 3384 ἇσονόένως
562 3308 685 3374 consilii
706 3309 861 3376 rationem
883 3308 985 3394 addit,
1008 3307 1159 3374 rhetorici
1180 3315 1296 3394 poetae
1318 3309 1485 3375 artificium
1508 3330 1579 3396 spe-

362 3419 477 3498 ctatur,
511 3413 566 3496 qui
591 3413 705 3480 leniter
733 3415 920 3500 plerumque
941 3413 1151 3498 profluentem
1174 3433 1352 3480 sermonem
1375 3415 1480 3481 colore
1502 3435 1578 3498 quo-

361 3515 436 3582 dam
458 3517 545 3582 velut
567 3519 724 3584 sententia
745 3519 779 3584 in
793 3519 977 3585 universum
991 3517 1077 3583 dicta
1092 3517 1263 3603 concludit,
1287 3519 1486 3584 occasionem
1501 3540 1578 3586 vero

359 3643 423 3688 non
445 3622 599 3708 neglegit,
626 3622 782 3706 siquando
809 3623 945 3708 abrupto
973 3643 1118 3689 sermone
1141 3622 1264 3688 animos
1285 3622 1481 3689 audentium
1502 3644 1578 3708 gra-

359 3727 430 3792 vius
452 3747 641 3812 permovere
662 3733 776 3814 potest.
821 3748 882 3794 nec
903 3728 992 3794 casui
1013 3725 1216 3793 tribuendum
1239 3733 1288 3792 est
1306 3727 1393 3810 quod
1411 3727 1578 3794 Phaedrae

360 3830 414 3912 qui
436 3830 599 3916 praecedit
621 3851 725 3898 sermo
748 3831 862 3899 eodem
883 3831 979 3898 modo
1001 3831 1157 3917 abruptus
1180 3837 1237 3897 est

445 3935 547 4002 Aliter
568 3935 673 4002 visum
694 3936 832 4004 librariis
855 3943 892 4002 et·
909 3935 1092 4004 editoribus.
1138 3941 1287 4002 secuntur
1309 3935 1393 4002 enim
1415 3943 1578 4019 tamquam

275 4071 279 4083 ·
358 4038 489 4104 nutricis
512 4039 613 4105 verba

576 4148 718 4209 νοσοῦσα
741 4143 769 4211 d'
791 4137 826 4210 ed
847 4169 921 4223 πως
939 4143 997 4232 τὴν
1018 4141 1112 4210 νόσον
1130 4141 1369 4230 καταστρέφοο·

577 4243 669 4312 εἰσὶν·
683 4247 712 4313 d'
735 4243 864 4336 ἐπῳδαὶ
886 4247 943 4314 καὶ
965 4243 1056 4332 λόγον
1076 4243 1273 4336 θελκτήριον,

576 4349 931 4443 postremitatem
954 4350 1125 4440 φάρμακον
1147 4346 1260 4419 νόσου·

574 4447 683 4544 ἧνόίρ’
707 4452 746 4522 ἂν
767 4448 833 4546 όψέ
853 4458 881 4544 y'
904 4453 1017 4544 ἄνδρες
1036 4454 1192 4544 ἐξεόροιεν
1214 4451 1262 4538 όν,

575 4556 605 4625 εἰ
626 4561 671 4650 μὴ
692 4565 841 4647 γυναῖκες
859 4561 1001 4650 μηχανὰς
1020 4557 1203 4650 εὑρήσομεν.
