3666 5296
746 1129 1026 1230 INDICES.

667 1383 833 1452 Index
863 1383 1102 1465 capitum.

169 1569 178 1574 ·
278 1541 404 1607 LIBER
424 1540 581 1607 PRIMVS
626 1540 663 1605 de
684 1540 871 1622 fobnlornrn
893 1541 1025 1606 secundi
1046 1541 1170 1606 ordinis
1189 1542 1366 1606 recensione

498 1654 526 1710 1.
549 1643 590 1710 de
603 1643 711 1711 codice
727 1643 901 1730 archetypo
917 1644 1175 1730 apographisque
1191 1645 1404 1712 Laurentiano

552 1755 584 1816 ct
601 1749 747 1814 Palatino
807 1798 1402 1815 ............
1471 1757 1487 1812 1

498 1862 526 1918 9.
551 1873 723 1920 consensus
745 1851 1002 1938 apographorum
1024 1853 1057 1918 in
1080 1851 1243 1938 Cyclope.
1290 1904 1297 1918 .
1343 1903 1350 1918 .
1396 1903 1403 1918 .
1471 1859 1490 1916 9

1025 1958 1059 2024 in
1079 1956 1297 2024 Heraclidis.
1344 2007 1351 2024 .
1397 2008 1404 2022 .
1451 1962 1491 2022 15

1026 2063 1061 2128 in
1079 2063 1157 2128 Ione
1184 2113 1403 2128 .....
1450 2068 1492 2126 90

520 2217 526 2230 .
629 2205 640 2214 -
858 2205 869 2215 -
912 2191 919 2206 ·
1027 2165 1061 2231 in
1083 2165 1250 2252 Iphigenia
1268 2165 1407 2232 Taurica
1450 2171 1491 2254 99

498 2277 526 2334 6.
626 2309 637 2318 -
857 2309 868 2318 -
1026 2269 1406 2356 inlphigeniahuhdcnsi
1450 2279 1491 2336 36

499 2381 527 2438 7.
551 2375 715 2441 dissensus
735 2375 942 2442 Laurentiani
963 2381 997 2441 et
1017 2376 1155 2442 Palatini
1176 2376 1210 2442 in
1231 2375 1366 2443 Bacchis
1397 2427 1404 2441 .
1450 2382 1492 2440 46

498 2486 527 2544 8.
550 2479 591 2544 de
619 2478 736 2548 fabulis
765 2499 823 2564 per
849 2479 952 2546 solum
974 2480 1222 2546 Laurentianum
1252 2479 1406 2563 servatis3

552 2583 699 2649 Electrae
720 2583 818 2668 plena
839 2583 976 2650 conlatio
1026 2633 1405 2648 ........
1451 2589 1492 2648 59

281 2687 508 2754 SVPPLIGRS
548 2737 1404 2752 .................
1452 2693 1492 2752 75
1576 2739 1578 2744 .

281 2793 407 2858 LIBER
429 2791 653 2860 SECVNDVS
691 2791 969 2876 pinacopropiico
991 2796 1021 2857 ei
1043 2791 1243 2858 didascalico

499 2906 526 2962 1.
550 2895 591 2963 de
611 2896 722 2964 ordine
743 2895 936 2980 fabularum3
966 2895 1049 2982 lapis
1071 2897 1232 2964 Piraeicus
1292 2948 1299 2962 .
1346 2947 1352 2961 .
1399 2903 1491 2961 .131

499 3009 528 3066 2.
552 3000 592 3070 de
614 3021 746 3068 numero
769 3001 966 3085 fabularum3
989 3001 1153 3086 catalogus
1172 3035 1175 3040 ·
1186 3051 1405 3066 .....
1432 3007 1495 3065 144

504 3112 532 3169 3.
556 3104 596 3170 de
617 3105 734 3170 fabulis
757 3105 891 3189 spuriis3
917 3104 1077 3171 Pirithous
1132 3155 1405 3170 ......
1431 3111 1492 3169 161

499 3216 529 3273 4.
553 3208 600 3274 de
615 3209 724 3293 poesis
747 3208 940 3294 Euripideae
962 3209 1140 3276 aetatibus.
1187 3259 1193 3273 .
1240 3260 1247 3273 .
1399 3215 1493 3273 ,179

500 3316 529 3376 5.
553 3312 594 3378 de
614 3313 695 3380 libro
715 3307 910 3378 ὑποθέσεων
919 3363 1405 3378 ..........
1431 3320 1492 3378 181

500 3423 528 3484 6.
550 3416 645 3502 Auga
704 3467 1404 3484 ..............
1431 3423 1493 3482 186

282 3519 408 3585 LIBER
430 3520 611 3588 TERTIVS
655 3522 770 3588 critico

501 3634 529 3689 1.
553 3625 717 3708 ecquando
746 3625 863 3709 singuli
891 3644 1004 3692 versus
1035 3624 1118 3690 inter
1142 3625 1233 3692 binas
1252 3645 1407 3711 personas

554 3727 656 3794 dividi
676 3729 800 3813 possint
814 3778 1300 3794 ..........
1303 3763 1305 3766 ·
1347 3780 1353 3794 .
1399 3735 1494 3794 ,194

501 3843 530 3900 9.
553 3831 594 3898 dc
615 3852 824 3918 personarum
845 3832 1024 3900 nominibus
1081 3884 1407 3899 .......
1433 3842 1495 3900 199

501 3945 531 4004 3.
553 3937 734 4022 spuriorum
757 3957 907 4004 versuum
925 3937 1047 4004 familia
1068 3937 1249 4022 quaedam.
1296 3989 1303 4003 .
1348 3987 1355 4002 .
1401 3944 1495 4004 ,905

502 4050 531 4107 4.
554 4041 721 4127 Hippolyti
743 4044 862 4109 'scaena
884 4042 1060 4108 restituitur
1080 4091 1407 4108 .......
1431 4049 1494 4108 909

501 4153 529 4212 5.
554 4146 595 4213 de
628 4147 783 4231 ampliore
814 4145 952 4229 quadani
980 4145 1141 4213 Troadum
1167 4146 1410 4231 interpolatione
1433 4153 1494 4210 991

466 4297 470 4320 ,
503 4259 532 4317 6.
556 4250 742 4317 emendatur
763 4249 902 4336 Cyclops
926 4301 1410 4316 ..........
1433 4257 1497 4316 994

502 4364 530 4422 7.
554 4354 740 4422 emendatur
761 4355 916 4422 Hercules
976 4405 1407 4421 .........
1432 4361 1495 4422 998

505 4467 540 4526 8.·
558 4459 812 4532 emendationum
834 4465 943 4526 satura
979 4509 1409 4526 .........
1433 4467 1497 4526 940
