3666 5296
817 405 867 476 111.
886 423 911 476 4.
964 421 966 426 ·

357 591 490 658 Bacch.
515 601 587 660 847.

390 699 462 764 ΠΕ.
508 695 663 782 στείχοιμ’
686 693 739 763 dv·
767 693 867 786 ἢγὰρ
891 691 968 764 ὅπλ’
991 691 1071 780 &aa
1094 691 1300 782 πορεύσομαι

508 798 529 890 ἢ
548 806 636 868 τοῖσι
658 805 746 870 σοῖσι
769 801 929 886 πείσομαι
950 795 1174 886 βουλεύμασιν.

270 923 466 1008 Byzantinus
489 925 655 1008 magister:
691 919 758 1011 ἥξει
784 921 821 988 δὲ
842 920 972 1004 Βάκχας
992 906 1030 988 οἷν
1052 921 1166 990 θανὼν
1188 921 1286 990 δώσει
1309 919 1409 1012 δίκην.

400 1046 459 1111 ΔΙ.
504 1048 651 1131 γυναῖκες
658 1095 666 1125 ,
688 1039 766 1133 ἁνὴρ
789 1042 823 1122 ἐς
844 1037 941 1126 βόλον
962 1039 1180 1110 καθίσταται·

510 1144 650 1216 Διόνυσε
672 1154 727 1216 νῦν
749 1147 806 1215 σὸν
828 1144 935 1235 ἔργον,
959 1139 995 1215 σι’
1017 1146 1077 1236 γὰρ
1101 1140 1278 1238 sinodum,

510 1251 669 1338 τισώμεθ’
696 1244 801 1322 αὐτόν.

271 1377 439 1462 Byzantini
472 1376 660 1461 sapientiam
692 1377 825 1443 traiecto
858 1397 953 1444 versu
973 1375 1100 1443 Baccho
1128 1376 1256 1444 tradere
1282 1396 1377 1459 quam
1403 1366 1489 1463 ἦθος

273 1489 436 1564 artemque
459 1482 615 1564 tragicam
637 1482 797 1568 respicere
819 1482 948 1546 malunt.

359 1601 478 1686 Iphig.
501 1603 581 1667 Aul.
606 1610 679 1669 901.
976 1689 978 1693 Ι

295 1709 366 1772 KA
373 1709 406 1772 Y.
444 1699 501 1772 οὐκ
523 1702 864 1794 ε’παιδεσθησόμεσθα
886 1709 1091 1794 προσπεσεῖν
1113 1703 1150 1773 τὸ
1175 1705 1232 1774 σὸν
1254 1705 1342 1794 γόνυ·

446 1808 578 1899 [θνητὸς
597 1807 633 1876 ἐκ
652 1815 737 1890 θεᾶς
757 1816 894 1896 γεγῶτα·
921 1807 956 1876 τί
977 1808 1037 1896 γὰρ
1063 1808 1125 1897 ἐγὼ
1148 1808 1356 1902 σεμνύνομαι]

447 1913 524 2003 περὶ
545 1911 635 1994 τίνος
658 1912 883 1981 σπουδαστέον
904 1938 963 1999 μοι
984 1915 1107 1999 μᾶλλον
1128 1910 1148 2004 ἢ
1168 1914 1281 1984 τέκνου
1299 1914 1386 2003 πέρι.

272 2037 423 2121 putabam
445 2039 611 2104 mortalem
632 2057 703 2104 esse
725 2037 881 2105 Achillem
903 2057 1036 2120 quoque.
1082 2058 1274 2121 quamquam
1296 2039 1427 2122 antiqua
1442 2045 1490 2104 est

273 2142 489 2226 interpolatio,
528 2162 602 2208 nam
628 2141 798 2227 Byzantini
824 2141 993 2208 trochaeos
1023 2142 1183 2229 ignorant,
1215 2144 1364 2228 ignorant
1389 2141 1490 2227 pedes

273 2246 466 2332 trisyllabos.

360 2367 434 2432 Ion.
460 2373 531 2432 581.

491 2467 525 2549 ἐς
548 2467 609 2548 τὰς
627 2461 776 2559 Ἀθήνας
796 2473 901 2553 στεῖχε
923 2465 1107 2558 κοινόφρων
1128 2468 1241 2560 πατρί,

491 2563 529 2640 οὗ
551 2575 581 2640 σ’
604 2568 714 2659 ὄλβιον
734 2572 792 2658 μὲν
814 2581 981 2663 σκῆπτρον
1003 2565 1154 2660 ἀναμένει
1175 2573 1309 2663 πατρός,
1331 2576 1375 2666 (l)

492 2678 597 2757 πολὺς
619 2678 655 2745 δὲ
678 2680 832 2760 πλοῦτος,
854 2674 927 2746 οὐδὲ
949 2672 1090 2766 θὸτερον
1111 2675 1223 2747 νόσοιν

493 2785 582 2849 dcciv
603 2778 750 2872 κεκλήσει
769 2783 920 2872 δυσγενὴς
941 2783 1042 2874 πένης
1060 2786 1097 2850 θ’
1120 2781 1197 2869 ἅμα.

492 2883 572 2975 [ἀλλ’
595 2884 718 2977 εὐμενής
739 2912 775 2954 τε
797 2886 854 2954 καὶ
876 2888 1092 2977 πολυκτήμων.
1108 2887 1197 2978 βίου]

277 3006 329 3086 δὶς
339 3003 455 3074 ταύτὸν
469 3005 546 3096 ἡμῖν
560 3004 578 3076 ὁ
594 3005 712 3096 σοφός·
729 3009 787 3076 sed
802 3010 968 3096 defetigati
983 3031 1091 3078 sumus
1108 3010 1331 3094 conquirendis
1350 3011 1492 3097 ineptiis;

277 3115 384 3198 paullo
407 3114 530 3180 maiora
551 3135 712 3181 canamus.

869 3502 899 3560 4.

365 3610 502 3680 Idoneus
525 3621 648 3700 auctor,
670 3613 901 3700 Aristophanes
924 3613 1112 3700 Byzantius,
1140 3614 1326 3700 Euripidem
1345 3614 1377 3678 in
1399 3612 1495 3680 Coro-

277 3717 378 3784 nifero
394 3719 569 3804 Hippolyto
593 3717 780 3784 emendasse
800 3719 898 3784 tradit
920 3739 1003 3802 quae
1024 3719 1057 3784 in
1072 3718 1186 3784 Velato
1200 3719 1306 3803 turpia
1324 3725 1357 3783 et
1375 3716 1496 3782 crimini

278 3822 415 3888 obnoxia
448 3823 658 3888 commiserat.
703 3843 775 3888 cum
801 3843 859 3908 per
883 3822 1004 3889 diserta
1028 3823 1210 3889 testimonia
1236 3829 1303 3888 tum
1328 3842 1367 3888 ex
1389 3819 1497 3887 Ovidii

279 3925 482 4009 Senecaequc
504 3927 730 3994 imitationibus
753 3933 890 4012 constat,
913 3927 1020 4013 turpia
1038 3927 1094 3992 illa
1113 3927 1146 3992 in
1166 3924 1335 3992 Phaedrae
1356 3925 1496 3992 moribus

278 4031 384 4115 posita
409 4030 521 4116 tuisse,
548 4051 630 4113 quae
656 4031 689 4096 in
716 4030 829 4096 Velato
855 4051 918 4098 non
943 4032 1046 4097 solum
1072 4051 1174 4115 prona
1196 4029 1240 4094 ad
1261 4031 1416 4116 incestum
1438 4027 1497 4096 sed

279 4135 364 4200 omni
385 4133 506 4219 pudore
529 4133 681 4201 destituta
699 4134 907 4200 inducebatur
928 4134 1010 4200 adeo
1035 4140 1070 4200 ut
1091 4134 1177 4200 furta
1199 4154 1258 4200 sua
1271 4134 1378 4200 mariti
1392 4151 1495 4200 exem-

279 4239 333 4323 plo
369 4244 535 4304 excusaret
567 4237 667 4328 (Prot.
704 4259 807 4323 quom.
841 4237 926 4304 adul.
961 4244 1045 4324 poet.
1080 4237 1152 4304 aud.
1178 4245 1206 4302 8.
1241 4259 1272 4322 p.
1297 4243 1348 4302 28.
1405 4234 1497 4303 Ovid.

280 4343 369 4427 epist.
385 4349 416 4426 4,
441 4351 512 4407 110.
547 4342 658 4410 Seuec.
678 4343 798 4410 Phaed.
816 4342 879 4430 98).
917 4343 993 4424 quin
1016 4343 1112 4407 etiam
1126 4342 1240 4426 priscis
1259 4340 1392 4408 deorum
1406 4339 1498 4406 labu-

279 4446 320 4512 lis
343 4445 547 4532 abutebatur,
570 4469 634 4514 non
654 4449 756 4514 solum
770 4446 855 4513 lovis
869 4446 1062 4529 Iunonisque
1077 4446 1290 4530 matrimonio,
1316 4445 1374 4511 sed
1388 4463 1495 4510 recon-

280 4549 346 4616 dita
364 4549 497 4634 fabella,
525 4571 607 4633 quae
634 4572 706 4617 cum
733 4551 860 4619 omnino
890 4556 957 4615 tum
984 4551 1018 4615 in
1038 4547 1225 4616 Atheniensi
1249 4550 1369 4616 saeculi
1396 4546 1496 4632 quinti

323 4673 764 4723 Wllamowlta·ltoellendortt,
778 4674 893 4715 melecta
906 4671 1041 4723 tturlptuea.
1235 4659 1275 4718 14
