3626 5288
356 402 409 482 rac
474 427 477 431 -
933 399 969 452 11.
988 401 1013 453 1.

355 571 528 654 orationes,
559 570 716 654 genuinae
740 569 963 653 dispositionis
993 575 1081 635 certa
1102 571 1241 653 vestigia
1264 530 1459 655 adparentd
1470 573 1569 636 multo

355 676 474 741 seriore
496 680 639 757 tempore
660 693 730 737 curn
746 659 911 760 hinstides
933 675 966 738 in
989 673 1106 739 scholis
1127 675 1337 759 lectitaretur,
1360 675 1428 740 eius
1444 694 1570 757 quoque

355 778 603 843 declamationes
633 777 797 858 antiquum
828 776 870 841 ad
900 796 993 842 usum
1021 776 1165 858 digestae
1189 784 1281 868 sunt,
1316 784 1411 860 atque
1434 778 1571 843 eundem

355 882 388 946 in
417 881 600 946 Aristotelio
634 881 779 963 catalogo
809 881 952 962 sequitur
968 879 1195 964 tAndronicus,
1230 882 1329 946 multo
1357 881 1411 947 ille
1442 881 1570 962 quidem

355 984 583 1068 incorruptiore
606 1003 682 1049 usus
704 982 836 1067 iudicio,
858 1003 953 1066 qnam
977 984 1031 1065 qui
1045 984 1211 1048 Platonem
1234 990 1266 1049 et
1280 984 1498 1049 Democritum
1512 1003 1571 1067 per

356 1089 499 1170 trilogias
522 1087 748 1170 tetralogiasve
771 1087 973 1152 disiecerunt.
1011 1107 1203 1169 quamquam
1223 1087 1310 1172 apud
1329 1088 1495 1153 Platonem
1517 1087 1571 1151 tri-

355 1191 460 1274 logiac
475 1190 729 1274 Aristophaneus
752 1189 827 1254 inde
849 1196 1056 1274 excusantur,
1080 1191 1166 1273 quod
1181 1212 1216 1256 rc
1230 1211 1309 1256 vera
1324 1191 1407 1256 duae
1422 1190 1571 1273 trilogiae

356 1295 396 1359 ab
427 1315 465 1360 eo
498 1294 690 1377 compositae
721 1299 809 1377 sunt;
846 1295 930 1376 sapit
951 1300 1058 1359 tamen
1080 1294 1140 1358 hoo
1163 1296 1344 1379 mysticam,
1375 1301 1408 1360 et
1426 1313 1489 1377 quo
1508 1295 1571 1359 ista

275 1479 278 1487 Ι
355 1398 410 1462 via
432 1395 619 1462 deveniatur
641 1397 784 1461 Plotinus
808 1395 900 1460 docet
922 1417 942 1460 a
963 1397 1142 1482 Porphyn'o
1164 1398 1280 1463 misere
1302 1398 1513 1481 perturbatus.
1599 1381 1609 1468 ,A

443 1500 559 1582 Aliquo
585 1499 681 1565 modo
704 1499 818 1564 eadem
840 1506 935 1582 atque
957 1500 1038 1564 haec
1061 1500 1252 1584 disponendi
1274 1502 1356 1566 ratio
1380 1500 1443 1565 dici
1465 1504 1572 1584 potest

357 1604 474 1687 altera,
505 1623 569 1684 qua
599 1602 742 1668 eiusdem
768 1604 861 1668 metri
890 1603 1032 1668 carmina
1059 1611 1292 1688 conponuntur,
1323 1625 1397 1670 narn
1427 1625 1462 1669 re
1493 1623 1572 1668 vera

358 1713 407 1771 cst
433 1706 489 1771 ubi
517 1713 650 1788 utraque
678 1705 764 1770 idem
792 1705 960 1789 efficiatur,
988 1713 1023 1771 ut
1044 1707 1130 1791 apud
1152 1706 1412 1792 iambographos‚
1442 1713 1498 1771 aut
1518 1706 1572 1770 ubi

261 1831 263 1835 ’
357 1809 541 1874 coniunctae
565 1810 628 1875 sint
646 1809 824 1892 adhibitae,
848 1817 882 1874 ut
904 1809 990 1893 apud
1013 1809 1222 1876 Theocritum.
1261 1831 1321 1876 nec
1335 1817 1442 1875 tamen
1457 1811 1573 1875 desunt

301 1964 306 1971 .
358 1913 506 1996 exempla
535 1913 699 1979 contraria.
744 1912 854 1976 Alcaei
874 1913 1119 1996 Sapphonisque
1143 1913 1226 1979 duae
1249 1914 1405 1979 editiones
1429 1913 1572 1979 extitisse

357 2015 518 2099 videntur,
541 2017 644 2081 altera
666 2017 735 2079 κατ’
760 2011 830 2102 εἴδη
851 2017 954 2080 altera
976 2014 1059 2079 κατὰ
1080 2014 1183 2101 μέτρα
1206 2017 1371 2102 disposita.

445 2119 544 2185 Porro
569 2120 688 2203 scripta
710 2139 750 2184 ex
772 2125 931 2203 tempore,
955 2139 1017 2202 quo
1038 2120 1079 2184 ab
1101 2121 1281 2186 auctoribus
1307 2127 1362 2185 aut
1377 2119 1505 2185 condita
1520 2125 1575 2183 aut

358 2223 446 2288 edita
478 2229 601 2306 essent,
636 2243 670 2288 se
705 2222 853 2306 excipere
888 2228 1042 2306 poterant.
1103 2244 1162 2306 ego
1197 2224 1324 2306 quidem
1353 2245 1415 2289 non
1446 2223 1574 2288 memini

357 2332 501 2392 veterum
524 2346 714 2408 quemquam
736 2325 829 2391 huius
849 2326 969 2391 ordinis
987 2328 1180 2392 mentionem
1200 2329 1323 2411 facere,
1350 2333 1384 2392 at
1405 2326 1575 2392 Aeschinis

358 2430 518 2495 orationes
543 2429 585 2494 ad
611 2449 682 2495 eum
707 2428 881 2512 dispositae
901 2427 1004 2494 videri
1026 2437 1169 2514 possunt.
1213 2432 1363 2514 Dehaoa,
1392 2451 1475 2495 nunc
1498 2449 1576 2494 casu

357 2534 547 2618 intercepta,
578 2533 611 2597 in
638 2532 701 2597 fine
730 2533 874 2616 syllogae
903 2537 1012 2616 utpote
1044 2534 1153 2617 spuria
1182 2535 1288 2618 posita
1318 2540 1403 2617 erat,
1434 2534 1516 2598 siout
1542 2533 1576 2596 in

356 2635 612 2702 Andocidearum
641 2637 817 2701 orationum
844 2637 970 2719 sylloge
994 2637 1105 2700 ultima
1127 2641 1176 2702 est
1197 2639 1230 2701 in
1249 2637 1448 2702 Alcibiadem
1471 2636 1576 2702 decla-

356 2741 463 2806 matio.
493 2760 596 2822 neque
612 2740 709 2803 alium
724 2738 867 2804 ordinem
882 2740 1024 2804 Terentii
1038 2739 1167 2805 fabulae
1184 2740 1362 2818 ostendunt,
1386 2761 1458 2805 cum
1473 2740 1576 2804 Varro

357 2845 580 2928 plerorumque
596 2843 811 2908 scaenicorum
825 2843 952 2908 fabulas
967 2840 1049 2906 κατὰ
1061 2847 1219 2922 στοιχεῖον
1236 2843 1408 2928 dispositas
1419 2843 1576 2925 habuerit,

358 2948 433 3029 quin
457 2947 552 3011 etiam
575 2945 748 3029 Calliopius
772 2965 828 3010 seu
852 2945 994 3026 quisquis
1016 2947 1076 3010 fuit
1090 2946 1268 3012 Bacchides
1290 2967 1347 3012 suo
1370 2947 1440 3012 loco
1456 2952 1576 3010 motam

357 3051 445 3115 nulla
479 3050 543 3113 alia
576 3048 617 3114 de
647 3069 745 3114 causa
774 3053 847 3132 post
873 3048 1039 3132 Epidicum
1067 3050 1198 3115 traiecit.
1244 3056 1278 3114 at
1303 3049 1390 3114 haud
1410 3049 1577 3134 probabile

359 3161 414 3218 aut
446 3159 531 3218 certe
567 3172 630 3216 non
663 3152 831 3236 probatum
866 3158 915 3216 est
946 3151 1032 3235 apud
1066 3153 1228 3218 scaenicos
1257 3153 1399 3219 Graecos
1425 3171 1576 3234 umquam

360 3255 495 3322 candem
518 3255 711 3338 disponendi
733 3255 888 3319 rationem
911 3274 971 3319 usu
994 3255 1131 3320 venisse.
1177 3257 1314 3338 catalogi
1330 3257 1432 3340 enim,
1456 3255 1577 3338 unicus,

359 3357 444 3424 unde
471 3357 592 3439 aliquid
620 3358 694 3422 sciri
721 3363 845 3441 potest,
877 3357 949 3422 fons
977 3358 1097 3421 nullum
1127 3357 1271 3424 ordinem
1302 3365 1419 3423 norunt
1448 3364 1578 3442 praeter

360 3481 448 3544 eum,
477 3461 531 3543 qui
561 3481 601 3526 ex
623 3461 736 3527 litteris
757 3460 985 3544 principalibus
1008 3461 1168 3525 titulorum
1190 3461 1315 3528 fabulas
1339 3461 1456 3544 digerit
1480 3459 1578 3546 (κατὰ

361 3563 553 3650 στοιχεῖον);
584 3570 679 3645 atque
709 3564 846 3646 catalogi
876 3569 1046 3647 supersunt
1070 3585 1132 3628 non
1155 3565 1201 3629 ita
1218 3566 1329 3648 pauci3
1357 3571 1393 3629 ut
1413 3564 1454 3630 de
1478 3553 1580 3629 Suida

360 3675 500 3750 taceam,
531 3667 596 3732 scio
631 3667 714 3732 enim
752 3666 828 3747 quid
864 3667 897 3730 in
928 3666 996 3732 eius
1024 3666 1120 3732 fidem
1148 3666 1382 3751 infringendam
1411 3688 1475 3733 non
1509 3667 1578 3732 sine

361 3769 499 3853 quadam
521 3770 589 3835 veri
613 3771 719 3854 specie
740 3769 863 3834 obverti
885 3769 1000 3853 possit,
1025 3770 1277 3853 Aeschylearum
1300 3772 1480 3854 catalogum
1495 3771 1578 3835 Lau-

361 3868 523 3938 rentianus
554 3873 669 3956 ceder,
699 3871 944 3955 Euripidearum
976 3892 1016 3937 ex
1048 3879 1139 3956 parte
1162 3894 1300 3940 marmor
1322 3876 1397 3940 olim
1419 3874 1579 3938 Albanum

360 3976 516 4060 servavit,
551 3981 583 4040 et
615 3975 824 4058 gravissimus
849 3975 940 4039 testis
963 3967 1169 4050 'Andronicus
1201 3979 1427 4060 grammaticus
1455 3977 1578 4062 (quam-

337 4100 456 4170 ,quam
490 4078 569 4143 nihil
599 4085 727 4161 praeter
760 4097 875 4142 nomen
907 4077 948 4142 de
986 4098 1025 4143 eo
1059 4079 1191 4162 scimus;
1228 4081 1389 4164 Bergkius
1418 4079 1579 4145 Rhodium

302 4210 338 4257 -ῃ
362 4183 458 4266 dixit,
483 4201 546 4246 non
569 4180 812 4267 demonstravit)
832 4180 974 4245 Platonis
997 4181 1179 4247 comoedias
1202 4203 1242 4248 ex
1265 4185 1442 4250 htterarum
1457 4183 1579 4266 ordine,

362 4305 463 4368 eoque
485 4304 548 4348 non
572 4303 612 4348 ex
632 4283 735 4367 prima
758 4290 893 4367 tantum,
928 4283 986 4348 sed
1006 4291 1114 4349 nostro
1137 4305 1225 4352 more
1249 4286 1418 4369 dngenter
1440 4293 1579 4368 servato,

362 4386 573 4468 enumeravit3
597 4385 682 4468 quod
705 4393 825 4452 certum
846 4393 910 4470 est,
923 4375 1058 4451 'etiamsi
1075 4389 1330 4470 perturbationes
1345 4409 1428 4454 nunc
1445 4411 1579 4472 regnan-

361 4497 411 4558 tes
433 4487 602 4554 nemodum
625 4490 853 4572 explanaverit.
900 4496 1006 4553 tamen
1029 4490 1125 4554 alium
1142 4510 1266 4573 quoque
1283 4492 1370 4576 apud
1385 4491 1580 4575 Sophoclem
