3594 5292
352 439 387 496 46
910 439 932 493 1.
950 441 974 494 7.

352 612 459 688 rettuli
491 608 540 698 (ut
573 609 613 679 de
640 609 818 678 Heraclidis
845 610 983 698 taceam)
1018 633 1058 678 ex
1085 611 1250 679 Aulidensi
1277 611 1345 678 fere
1379 617 1505 678 eentum
1536 615 1569 676 et

352 715 481 801 viginti,
509 715 544 780 id
570 737 629 781 nee
658 716 746 782 easui
774 735 834 781 nee
857 717 1074 789 eonlationum
1104 723 1159 782 aut
1179 717 1434 802 apographorum
1456 715 1564 798 negle-

350 821 478 904 gentiae
510 819 728 886 tribuendum:
767 818 803 884 id
839 839 880 885 ex
912 819 1085 906 archetypo
1118 821 1325 910 repetendum
1359 826 1416 888 est.
1470 825 1565 901 atque

272 993 275 1000 ,
352 923 498 992 effaetum
525 929 575 990 ert
597 943 655 1008 per
683 923 780 990 hasoe
808 945 833 1010 φ
861 923 1026 1008 lectiones,
1055 944 1137 1007 quae
1163 930 1388 1009 praeterquam
1416 922 1503 1006 quod
1534 922 1568 988 in

274 1073 283 1096 .
315 1011 318 1026 ’
351 1028 525 1112 archetypo
551 1027 722 1093 extiterunt
748 1027 879 1111 originis
904 1029 1025 1093 nullum
1047 1049 1127 1114 prae
1149 1049 1183 1096 se
1205 1027 1311 1094 ferunt
1332 1027 1502 1112 indicium,
1532 1031 1568 1091 ut

350 1131 472 1216 fabula,
501 1130 590 1196 euius
619 1129 797 1195 emendatio
828 1130 1014 1196 difficillima
1041 1137 1106 1217 est,
1141 1133 1237 1198 etiam
1267 1131 1310 1197 ad
1336 1129 1566 1197 recensendum

350 1233 441 1302 fieret
463 1233 655 1300 difficillima.
700 1253 892 1317 quamquam
919 1255 1033 1302 vereor
1061 1256 1102 1301 ne
1126 1235 1275 1302 intentior
1297 1235 1476 1318 disquisitio
1499 1234 1566 1319 ple-

349 1357 464 1422 rasque
485 1339 637 1405 lectiones
660 1338 836 1424 Byzantina
858 1341 1011 1423 magistro
1033 1339 1189 1406 traditura
1211 1339 1253 1406 sit
1274 1360 1346 1406 eum
1367 1339 1420 1406 hie
1442 1345 1509 1404 tum
1531 1338 1566 1402 in

351 1443 488 1512 Tauriea
506 1441 683 1526 „Iphigenia
712 1442 851 1528 Oyolope
878 1444 1096 1529 Supplicium,
1123 1445 1216 1512 aliter
1246 1464 1298 1512 res
1324 1444 1358 1510 in
1384 1441 1565 1510 Heraelidis

350 1553 383 1612 et
403 1547 479 1612 Ione
502 1565 537 1612 se
555 1545 673 1612 habere
694 1546 829 1612 videtur.
866 1548 929 1614 nisi
949 1569 1026 1614 vero
1040 1549 1136 1633 plane
1151 1549 1293 1614 eaeeutio
1308 1549 1396 1616 nulla
1410 1567 1445 1614 re
1460 1547 1563 1630 magis

349 1651 501 1736 probatur
530 1648 555 1715 G
585 1649 665 1714 etP
695 1669 735 1716 ex
760 1650 873 1717 eodem
900 1651 981 1717 libro
1008 1651 1185 1737 descriptos
1213 1671 1285 1718 esse
1314 1671 1410 1735 quam
1435 1671 1476 1718 ex
1505 1651 1566 1716 hoe

348 1755 382 1820 in
403 1754 485 1821 binis
506 1753 693 1820 lectionibus
716 1755 843 1840 egregio
866 1775 1030 1822 consensu.

936 1952 990 2026 ⁷2

439 2063 597 2132 Vanitatis
634 2064 757 2130 orimini
784 2065 840 2130 vix
875 2085 946 2132 sum
976 2065 1132 2134 obnoxius
1161 2066 1248 2151 quod
1277 2067 1400 2134 eonfido
1426 2065 1495 2132 fore
1531 2073 1567 2130 ut

350 2168 493 2236 eodioum
516 2168 568 2234 ΟΡ
592 2169 737 2253 cognatio
760 2169 864 2252 qualis
886 2169 981 2236 modo
1004 2157 1151 2256 expolita
1173 2178 1222 2238 est
1237 2171 1325 2258 apud
1338 2172 1560 2254 intellegentes

348 2273 580 2340 existimatores
608 2293 672 2338 non
699 2278 862 2356 tamquam
887 2275 960 2358 plus
989 2275 1093 2342 minus
1123 2275 1296 2361 probabilis
1320 2275 1378 2343 sed
1400 2281 1561 2356 tamquam

348 2377 589 2462 exploratores
612 2378 752 2461 citraque
775 2378 927 2462 opinandi
948 2379 1182 2449 vioissitudines
1204 2380 1310 2464 posita
1330 2380 1446 2445 valeat.
1491 2382 1560 2443 ooto

347 2501 501 2549 novemve
534 2482 620 2548 loeos
649 2482 682 2546 in
712 2483 785 2567 plus
815 2483 952 2566 quinque
978 2485 1104 2551 milibus
1120 2502 1284 2551 'uersuum
1304 2484 1496 2567 invenimus,
1526 2480 1560 2545 in

344 2585 458 2669 quibus
485 2585 698 2671 discrepantia
720 2584 863 2652 eodieum
885 2607 948 2652 non
970 2589 1073 2672 potuit
1094 2587 1244 2655 facillime
1267 2587 1428 2672 explioari.
1469 2586 1559 2652 iuvat

346 2690 434 2756 hisee
456 2709 617 2776 opponere
640 2689 784 2756 diversas
815 2690 967 2757 lectiones
996 2709 1037 2757 ex
1059 2693 1243 2776 tragoediae
1265 2697 1357 2778 parte
1381 2709 1476 2774 quem
1495 2710 1559 2755 non

347 2813 365 2860 e
384 2799 415 2856 d>
428 2793 613 2882 provenisse
628 2793 765 2860 diximus
793 2801 955 2880 enotatas,
979 2795 1175 2862 Baeoharum
1189 2795 1310 2864 seilicet
1330 2815 1394 2862 uss.
1411 2801 1558 2878 1—751,

345 2918 421 2964 nam
450 2899 547 2964 ceteri
567 2917 627 2984 per
650 2899 676 2961 P
694 2903 817 2964 tantum
837 2898 957 2964 servati
976 2906 1057 2966 sunt.
1102 2906 1136 2966 at
1157 2900 1311 2969 minorem
1332 2898 1558 2966 verbositatem

345 3002 380 3067 in
405 3000 661 3068 fastidiosissime
688 3000 798 3067 labore
820 3001 965 3067 sufficere
988 3003 1124 3087 eredidi,
1154 3004 1291 3088 primum
1312 3004 1388 3086 quia
1408 3002 1463 3068 ubi
1484 3022 1556 3067 oon-

349 3106 454 3171 oinere
487 3104 567 3172 duos
599 3103 725 3170 eodiees
756 3105 974 3172 oontendimus
1007 3107 1060 3172 vel
1091 3108 1296 3174 leviusoulam
1323 3105 1554 3191 dierepentiam

345 3229 409 3275 non
436 3215 565 3274 notasse
597 3213 629 3273 et
657 3215 799 3276 nostrum
831 3216 865 3275 et
891 3209 1024 3274 aliorum
1050 3209 1200 3276 iudicium
1228 3210 1409 3276 adulterare
1439 3215 1555 3294 potest,

252 3381 255 3388 ,
345 3313 400 3379 ubi
421 3311 549 3378 differre
571 3311 789 3378 oontendimus
811 3333 870 3397 per
891 3315 989 3380 talem
1018 3315 1251 3399 neglegentiam
1278 3320 1406 3380 nostrae
1435 3319 1556 3378 tantum

346 3436 462 3484 causae
483 3415 652 3500 effluimus,
676 3436 758 3499 quae
781 3418 809 3484 si
830 3418 883 3483 vel
905 3418 974 3484 sine
996 3417 1056 3484 hoe
1078 3419 1268 3487 adminiculo
1292 3425 1368 3502 stat,
1391 3418 1481 3484 salva
1503 3435 1555 3482 res

346 3526 403 3587 est.
455 3519 570 3586 deinde
603 3539 679 3586 vero
708 3526 740 3586 et
766 3523 793 3585 P
820 3521 899 3587 eti}
927 3521 988 3586 hae
1008 3522 1041 3588 in
1067 3522 1176 3588 tabula
1197 3523 1310 3588 melius
1333 3521 1449 3587 oonlati
1473 3525 1554 3603 sunt,

345 3631 381 3690 ut
408 3643 511 3690 novae
530 3623 715 3690 conlationis
736 3624 857 3691 fruetus
879 3626 1060 3691 necessario
1075 3627 1201 3710 pareior
1217 3626 1320 3692 faetus
1335 3627 1385 3692 sit.
1418 3623 1556 3706 denique

344 3727 603 3812 interpolationes
633 3747 651 3793 e
677 3730 802 3795 omnino
830 3729 1020 3796 omittendas
1050 3729 1143 3814 duxi,
1170 3731 1232 3796 nisi
1260 3731 1315 3796 ubi
1337 3729 1423 3794 aO'
1446 3727 1554 3794 distin-

344 3851 442 3915 guere
456 3852 520 3898 non
535 3838 709 3918 potueram,
734 3833 819 3916 quod
833 3833 920 3918 apud
935 3833 1018 3899 hune
1031 3833 1168 3901 seribam
1183 3834 1342 3902 difficilius
1359 3853 1454 3916 quam
1468 3829 1554 3916 apud

344 3937 482 4020 reliquos
511 3942 568 4002 est.
613 3935 757 4030 disposui
782 3938 870 4004 looos
891 3939 925 4004 in
947 3938 1077 4004 easdem
1099 3945 1164 4005 tres
1187 3939 1308 4005 olasses
1330 3944 1425 4020 atque
1447 3955 1553 4021 supra,

343 4060 407 4106 non
433 4039 519 4123 quod
547 4040 590 4106 ad
610 4039 645 4105 id
667 4041 752 4123 quod
772 4042 910 4126 probare
932 4043 1004 4108 volo
1031 4048 1140 4127 aptum
1161 4041 1196 4107 id
1216 4041 1397 4125 iudicarim
1427 4047 1462 4110 at
1482 4059 1553 4105 eum

344 4163 443 4229 supra
464 4145 591 4230 seriptis
611 4145 658 4210 ita
678 4143 803 4213 faeilius
825 4147 961 4214 eonserri
981 4152 1138 4231 poterunt.

827 4283 1068 4351 Bacchae.

630 4399 654 4459 l.
689 4399 742 4460 lod
759 4399 814 4473 port
831 4416 913 4462 noran
933 4399 1088 4460 tentationem
1106 4399 1270 4473 rennuentes,

342 4485 429 4545 redd
464 4484 573 4562 θύρσον
587 4485 641 4543 PC.

395 4575 430 4634 69
465 4579 506 4636 τίς
522 4572 676 4652 μελάθροις
691 4571 744 4632 PC.
