3666 5296
357 423 412 480 acc
490 489 491 494 ς
916 421 1011 477 nus.

358 597 451 662 nibus
471 595 622 681 frigidam
641 595 811 662 Herculem
833 593 949 674 dicunt.
995 596 1139 663 sednon
1161 617 1233 663 cum
1255 594 1302 663 eis
1324 617 1376 664 res
1394 595 1490 664 nobis
1512 603 1569 684 est,

359 699 556 767 restituenda
577 701 762 787 syllogismo
785 700 1019 785 simplicissimo
1040 721 1099 766 sua
1119 701 1230 766 forma.
1265 723 1331 767 αοα
1349 707 1395 768 cst
1408 703 1446 768 ia
1459 720 1570 786 papae

358 807 451 888 fortis
473 806 553 888 quta
573 805 723 887 fontane
744 825 838 870 cocos
853 805 1000 886 perferre
1019 805 1141 884 caloae
1167 827 1221 889 epo
1240 807 1278 869 ia
1293 827 1410 891 pupae
1433 807 1570 888 fortissi-

359 931 437 1000 mos(
460 911 528 992 fag
562 930 633 994 erpo
663 909 823 975 obdurabo
849 909 1062 993 Athenasque
1084 911 1143 977 ibo.
1191 904 1290 996 χάριν
1319 907 1437 995 μυρίαν
1458 905 1597 996 δώρων

359 1010 435 1096 ἐγω,
463 1011 519 1080 καὶ
541 1012 601 1100 γὰρ
624 1011 733 1078 πόνων
749 999 794 1100 Ιδὴ
818 1011 938 1097 μυρίων
960 1011 1143 1101 ἐγευσάμην.
1187 1036 1251 1082 non
1271 1015 1394 1100 indiget
1416 1033 1571 1082 commen·

360 1119 488 1186 datione
509 1119 692 1186 necessaria
714 1116 893 1186 emendatio
916 1117 1092 1202 cademque
1114 1119 1291 1206 lenissima,
1318 1119 1405 1204 quod
1427 1120 1572 1188 codicum

359 1224 454 1309 periti
475 1221 713 1290 confirmabunt.

446 1344 513 1411 Sed
536 1342 576 1410 de
598 1344 735 1410 Hercule
757 1343 863 1409 dicere
885 1342 1040 1409 infinitum
1062 1350 1119 1410 est.
1166 1345 1325 1411 corollarii
1346 1346 1416 1412 loco
1439 1347 1571 1430 elegans

360 1455 392 1516 et
417 1448 556 1534 Atticum
582 1439 664 1532 ἀτάρ
692 1447 779 1531 quod
804 1447 951 1514 Herculis
978 1467 1074 1514 versu
1101 1451 1209 1534 expuli
1230 1451 1376 1516 Electrae
1398 1453 1570 1516 restituam.

358 1553 404 1620 ibi
429 1573 555 1636 quoque
579 1558 775 1618 monstrasse
802 1552 1054 1618 emendationem
1081 1555 1159 1620 satis
1187 1561 1244 1620 cst.
1291 1553 1422 1621 Orestes
1444 1555 1571 1638 squalli-

360 1657 443 1724 dam·
456 1657 577 1724 Rustici
598 1657 726 1724 domum
746 1656 797 1722 his
819 1657 926 1724 verbis
948 1655 1124 1725 detestatur
1147 1663 1210 1723 252

534 1789 535 1796 ’
599 1771 739 1865 σκαφεύς
758 1801 809 1854 τις
831 1771 851 1866 ἢ
872 1775 1057 1865 βουφορβὸς
1079 1776 1173 1857 ἄξιος
1194 1773 1312 1861 δόμων.

473 1885 556 1950 ΗΛ.
601 1880 702 1970 πένης
721 1883 763 1966 γ’·
784 1871 867 1966 dedo
889 1885 1035 1966 γενναῖος
1056 1878 1090 1960 ἔς
1111 1883 1139 1946 τ’
1161 1878 1211 1966 ἔμ’
1234 1875 1376 1969 εὐσεβής·

361 2002 461 2092 navic
483 1997 560 2091 ἀνὴρ
582 2005 725 2088 γενναῖος
746 1999 856 2070 codex.

950 2303 979 2362 8.

448 2434 676 2501 Persecuturus
704 2451 792 2498 eram
818 2432 975 2516 quomodo
999 2432 1172 2518 Cyclopem
1199 2440 1231 2499 et
1249 2433 1419 2501 Herculem
1439 2437 1574 2502 tractavi

362 2557 471 2606 omnes
487 2535 648 2624 Euripidis
668 2534 853 2622 tragoedias
875 2543 910 2602 ut
926 2557 965 2602 ex
982 2536 1310 2605 animadversionibus
1329 2559 1408 2623 quas
1425 2539 1574 2607 diuturna

360 2643 454 2710 lectio
483 2641 608 2729 peperit
636 2640 843 2727 gravissimas
877 2646 932 2706 aut
965 2647 1050 2707 certe
1077 2640 1206 2708 minime
1229 2643 1363 2728 pusillas
1385 2664 1572 2730 promerem.

362 2747 420 2816 scd
453 2747 566 2832 ingens
598 2746 746 2812 volumen
775 2743 917 2810 taedium
950 2745 1027 2810 mihi
1058 2753 1201 2813 moveret
1234 2747 1403 2814 lectoribus
1432 2755 1573 2834 augeret.

363 2851 578 2928 contrahenda
602 2849 688 2935 vela,
712 2848 904 2933 tandemque
931 2850 1022 2916 navis
1046 2870 1086 2916 ex
1106 2857 1255 2918 aestuoso
1277 2852 1374 2918 fluctu
1394 2853 1427 2918 in
1447 2859 1574 2938 portum

363 2979 398 3026 se
418 2956 559 3042 recipiat.
604 2954 663 3022 sed
683 2954 804 3038 aliquot
826 2953 1119 3046 emendatiunculae
1141 2955 1206 3022 iam
1227 2955 1282 3022 diu
1305 2959 1442 3024 clamant
1464 2964 1575 3040 contra

362 3061 482 3130 saeculi
506 3079 599 3128 usum
623 3059 739 3126 multos
762 3079 862 3126 annos
883 3079 919 3128 se
941 3060 1095 3126 contineri
1115 3059 1200 3126 intra
1220 3062 1380 3146 margines
1402 3061 1575 3129 editionum

291 3247 295 3256 ⁵
362 3166 479 3254 partim
497 3163 552 3230 diu
574 3163 838 3230 oblitteratamm:
867 3156 991 3230 constat
1012 3171 1118 3232 autem
1139 3165 1318 3252 philologos
1339 3167 1575 3234 contumacissi-
1675 3243 1677 3249 ¹

362 3293 434 3340 mae
454 3269 539 3356 proli
559 3274 688 3336 nostrae
709 3268 913 3353 ignavissime
935 3269 1093 3336 resistere.

450 3393 627 3457 Electrae
659 3389 919 3474 interpolationes
952 3391 1095 3456 consulto
1116 3411 1181 3456 non
1209 3397 1352 3477 tangam3
1386 3393 1575 3459 coniunctim

363 3497 447 3564 enim
466 3493 633 3562 cantanda
654 3499 703 3559 est
723 3493 884 3559 uberrima
903 3495 1037 3560 materia
1059 3491 1221 3581 (videntur
1244 3497 1404 3580 octoginta
1423 3497 1490 3562 sere
1505 3517 1574 3563 ver-

364 3621 418 3667 sus
439 3599 569 3666 insiticii
588 3595 674 3684 esse)
696 3595 754 3664 sed
775 3617 870 3664 unam
892 3599 997 3664 elnam
1011 3598 1160 3664 mendam
1179 3601 1275 3684 plane
1297 3600 1476 3686 ridiculam,
1500 3620 1575 3684 qua-

363 3707 411 3772 les
433 3705 467 3770 in
488 3701 663 3788 tragoediis
690 3701 794 3770 minus
819 3723 840 3768 a
861 3702 971 3768 critica
992 3709 1061 3772 arta
1081 3703 1234 3788 neglectis
1257 3710 1385 3771 nostrae
1403 3706 1501 3771 aetati
1521 3705 1575 3770 vix

359 3814 485 3876 restant
505 3806 679 3890 tollendae;
703 3806 812 3890 itaque
830 3805 877 3872 eis
900 3806 1019 3874 cotidie
1040 3807 1227 3874 inferuntur.

451 3928 628 4013 Nauckius‚
653 3945 748 4010 quem
774 3927 808 3992 in
834 3927 1034 3994 emendanda
1059 3928 1187 3994 Electra
1212 3929 1332 4014 primas
1360 3929 1471 3996 tulisse
1493 3929 1576 3995 arbi·
1671 3990 1673 3994 .
1791 3916 1794 3925 ’

364 4041 444 4118 trcr,
472 4033 586 4099 eximie
604 4030 783 4098 laudandus
806 4037 868 4117 est,
889 4031 974 4116 quod
992 4039 1065 4117 post
1084 4053 1113 4099 v.
1138 4039 1200 4098 139
1224 4053 1264 4098 ea
1283 4034 1481 4125 intercidisse
1496 4034 1577 4100 vidit

366 4159 449 4224 quae
469 4157 533 4204 vss.
559 4142 630 4204 125.
655 4144 689 4220 6,
717 4140 897 4202 150—-156
921 4135 1161 4222 responderunt.
1199 4136 1269 4202 fieri
1291 4145 1397 4204 autem
1418 4143 1523 4224 potest
1541 4145 1578 4202 ut

365 4264 413 4310 vs.
430 4248 609 4308 125-127
632 4246 705 4326 post
726 4239 957 4326 antistropham
979 4240 1144 4328 repetendi
1163 4239 1234 4308 sint.
1273 4241 1504 4328 antistropham
1519 4243 1576 4325 igi-

365 4353 416 4413 tur
438 4347 572 4414 alteram
593 4344 840 4430 contemplemur

672 4471 735 4532 150
778 4460 977 4551 ἓὲδρύνῑτο
996 4460 1096 4554 κάρα·

780 4557 835 4634 οἷα
855 4567 895 4636 oa'
911 4595 962 4650 αις
982 4567 1095 4650 κύκνος
1116 4563 1233 4652 ἀχέτας
