3666 5296
838 419 890 476 111.
909 419 934 477 7.
1442 419 1496 478 233

284 594 426 680 sculptas
451 613 535 680 esse,
558 593 643 678 quod
665 594 840 662 diiudicare
859 615 923 662 non
943 614 1049 661 meum
1069 599 1127 662 est.
1172 598 1268 676 atque
1285 593 1319 660 iu
1333 591 1495 679 Euripidis

283 698 391 766 tabula
413 699 558 768 Theseus
579 699 621 766 dc
641 699 698 766 filii
720 706 822 766 morte
850 701 967 766 certior
987 700 1091 766 factus
1113 700 1256 766 nuntium
1276 699 1452 784 interrogat

718 817 808 906 εἰπέ,
830 827 876 907 τῷ
898 817 1013 908 τρόπῳ
1035 817 1139 908 Δίκης

522 921 658 991 ἔπαισεν
677 915 772 990 αὐτὸν
793 920 934 1011 ῥόπτρσν
954 921 1129 1006 araxem
1153 921 1231 1007 ἒμέ,·“

184 1113 186 1126 ,
283 1045 338 1110 ubi
365 1043 609 1132 Valckenarius,
641 1053 676 1113 ut
707 1053 776 1114 erat
805 1047 910 1113 animo
944 1069 965 1112 a
994 1047 1084 1132 poesi
1116 1046 1233 1131 alieno,
1261 1045 1426 1128 paxillum
1459 1045 1496 1111 c‘a

285 1149 432 1231 decebalo
457 1151 620 1235 intellegit.
669 1151 794 1218 Iustitia
819 1152 880 1218 hoc
906 1152 976 1218 loco
1003 1152 1126 1218 clavam
1154 1151 1237 1236 gerit
1258 1170 1384 1216 currum
1406 1171 1494 1218 ever·

170 1277 173 1290 ·
284 1273 360 1318 sura
380 1255 426 1319 uti
450 1255 535 1340 apud
556 1255 751 1342 Aeschylum
771 1255 805 1321 in
825 1259 1058 1343 Προπομποῖς,
1081 1255 1190 1321 fabula
1204 1254 1328 1321 Niobae
1343 1275 1395 1322 res
1411 1275 1493 1321 eom-

283 1358 392 1443 plexa,
414 1359 569 1445 ligonem;
592 1359 637 1426 ibi
656 1359 768 1426 domus
791 1360 978 1445 destruitur,
1002 1359 1081 1446 (ligo
1103 1359 1157 1426 ille
1181 1359 1280 1446 Iovis,
1304 1379 1398 1443 quem
1412 1357 1497 1437 Διὸς

284 1456 446 1548 πάρεδρος
466 1459 551 1550 Δίκη
586 1466 682 1550 gerit,
717 1465 812 1531 etiam
841 1466 874 1530 in
896 1466 994 1531 Troia
1022 1463 1160 1531 delenda
1189 1463 1275 1549 apud
1301 1462 1496 1552 Aeschylum

284 1565 503 1656 memoratur);
525 1569 571 1634 uti
590 1569 624 1634 in
646 1590 721 1635 arca
740 1567 909 1656 Olympiae
931 1575 1108 1655 prestante,
1132 1589 1228 1652 quam
1250 1589 1321 1634 cum
1335 1567 1497 1636 Pausania

285 1690 341 1736 suo
366 1671 497 1757 Cypseli
522 1671 604 1740 falso
630 1680 746 1740 vocant
768 1674 983 1759 archaeologi,
1010 1674 1202 1757 vasculoque
1224 1673 1309 1758 picto
1329 1673 1495 1740 notissim0

264 1774 430 1841 baculum
462 1777 558 1862 gerit,
592 1779 727 1862 percutit
756 1780 840 1845 enim
869 1779 1029 1844 iniuriam.
1087 1785 1121 1844 at
1146 1777 1273 1845 videtur
1301 1797 1379 1846 sane
1405 1779 1498 1844 clava

283 1879 408 1964 insigne
429 1880 528 1948 fuisse
548 1883 691 1949 Iustitiae
713 1889 749 1949 ut
769 1883 829 1948 fuit
850 1883 1036 1967 Furiarum;
1070 1883 1201 1949 contulit
1226 1902 1309 1965 quae
1330 1881 1393 1948 huc
1413 1882 1496 1949 face·

283 1991 354 2050 rent
378 1985 713 2070 sedulossoettigerus
734 1987 778 2052 kl.
802 1987 884 2054 sehr.
914 1987 954 2052 11.
978 1993 1056 2072 215,
1082 1987 1338 2071 intellegiturque
1359 1985 1498 2054 Pitholai

283 2090 390 2155 neseio
420 2091 509 2156 euius
530 2089 610 2157 illud
632 2091 719 2176 apud
740 2093 944 2158 Aristotelem
966 2090 1021 2178 τὴν
1043 2089 1189 2177 πάραλον
1211 2082 1292 2155 εἶναι
1315 2094 1372 2155 τοῦ
1394 2085 1497 2178 δήμου

284 2179 438 2278 ῥόπαλον.
488 2194 624 2278 denique
656 2197 788 2263 miratus
822 2217 892 2262 sum
920 2216 990 2261 cum
1018 2196 1175 2282 pictorum
1200 2195 1377 2282 principem
1399 2195 1497 2280 equiti

284 2297 405 2383 divino,
436 2298 491 2381 qui
516 2299 723 2366 Heliodorum
743 2321 783 2366 ex
805 2300 1093 2386 Hierosolymitano
1120 2301 1237 2385 templo
1261 2300 1345 2386 eicit,
1372 2300 1496 2366 clavam

284 2422 413 2468 aeream
436 2402 584 2470 tribuisse
606 2403 681 2470 vidi.
735 2405 854 2469 utinam
884 2405 999 2470 artium
1021 2403 1117 2490 periti
1137 2404 1339 2472 adcuratiora
1360 2424 1418 2471 nos
1442 2403 1496 2470 do-

284 2513 392 2572 ceant:
433 2507 559 2574 interim
600 2509 687 2596 apud
730 2508 916 2594 Euripidem
960 2508 1154 2576 confidenter
1191 2506 1317 2596 Χρόνον
1351 2503 1496 2594 ῥόπαλον

283 2612 424 2678 restituo.

370 2751 571 2818 Dissentiunt
600 2751 737 2820 editores
766 2753 800 2818 in
831 2755 877 2820 eis
906 2773 989 2837 quae
1011 2753 1143 2838 Megara
1170 2759 1202 2820 et
1224 2752 1414 2840 Amphitryo
1442 2753 1497 2818 ubi

284 2856 454 2922 Herculem
476 2856 629 2924 accedere
652 2857 762 2924 vident
780 2858 864 2924 inter
884 2879 920 2924 se
939 2859 1084 2924 locuntur
1100 2856 1334 2924 distribuendis.
1371 2855 1497 2922 videtur

284 2967 391 3026 autem
412 2961 578 3027 Nauekius
600 2962 633 3028 in
654 2982 694 3054 ea
715 2963 876 3047 opinione,
900 2982 996 3044 quam
1010 2961 1224 3028 Kirehhotfius
1245 2962 1280 3028 in
1301 2962 1408 3046 priore
1430 2960 1495 3026 edi-

284 3066 369 3130 tione
401 3066 531 3149 protulit
564 3066 598 3132 in
625 3067 726 3132 altera
753 3067 882 3152 abiecit,
909 3073 995 3134 reete
1027 3087 1260 3152 perseverasse.
1313 3065 1498 3132 tribuendus

284 3169 381 3254 igitur
402 3191 432 3236 ν.
453 3176 531 3255 517,
553 3171 608 3236 ubi
631 3171 732 3238 codex
755 3172 905 3239 lineolam
924 3171 1054 3258 omittit,
1075 3171 1300 3258 Amphitryoni

492 3293 568 3356 ME.
613 3287 660 3372 ἔα,

616 3389 804 3482 ὦπρέσβυ,
827 3395 951 3462 λεύσσω
972 3387 1061 3481 adad
1085 3393 1212 3484 φίλτατ’
1235 3393 1310 3484 ilat
1331 3402 1402 3484 qrb,-

376 3505 439 3564 515
483 3503 573 3566 AM.
619 3497 677 3566 oda
698 3493 788 3582 cide,
811 3497 969 3586 θύγατερ,
994 3491 1122 3588 ἀφασία
1144 3500 1180 3568 δὲ
1202 3498 1277 3584 κᾶμ’
1301 3498 1375 3584 ἔχει.

495 3607 571 3669 ΜΕ.
616 3603 664 3670 ὅδ’
687 3601 775 3670 ἐστὶν
798 3597 835 3672 ὃν
857 3611 914 3692 γῆς
931 3603 1048 3692 νέρθεν
1071 3600 1304 3691 εἰσηκούσαμεν

479 3711 568 3774 AM.
613 3705 642 3774 εἰ
663 3705 708 3796 μή
731 3710 758 3793 y'
779 3703 903 3796 ὄνειρον
923 3707 955 3774 ἐν
977 3708 1056 3797 φάει
1077 3734 1112 3774 σι
1131 3705 1327 3797 tabernaculi

493 3815 569 3878 ME.
613 3808 647 3877 τί
670 3806 768 3900 φημί,·
795 3815 865 3879 ποῖ’
887 3810 994 3900 ὄνειρα
1018 3810 1201 3902 κηραίνονσ’
1222 3811 1303 3900 ὁρῶς

478 3955 480 3960 -
613 3908 669 3984 oda
693 3914 766 3984 ἔσθ’
789 3906 836 3984 ὅδ’
860 3914 957 3997 ἄλλος
976 3909 1047 3985 ἀντὶ
1070 3925 1129 3984 uoci
1153 3914 1291 3998 παιδός,
1314 3917 1416 4004 γέρον.
1481 3969 1483 3972 -

221 4025 223 4029 ’
286 4039 364 4106 satis
387 4045 475 4106 certa
497 4045 570 4106 suut
593 4039 835 4125 stichcmythiae
856 4041 989 4126 indicia,
1020 4061 1170 4124 quorsum
1192 4061 1269 4108 vero
1293 4047 1437 4126 spectant
1458 4041 1499 4107 de

228 4147 231 4157 '
286 4142 417 4210 somniis
449 4143 618 4225 argutiae?
661 4143 745 4228 Meg.
773 4145 878 4210 hicine
899 4145 957 4211 ille
979 4152 1024 4212 cst
1045 4147 1102 4227 qai
1125 4147 1182 4212 sub
1205 4151 1294 4212 torro
1314 4147 1501 4211 dicebatur?

285 4247 487 4330 interrumpit
501 4247 616 4332 Amph.
643 4249 709 4314 atsi
730 4249 813 4329 forte
830 4251 870 4314 a'a
892 4249 961 4314 lace
981 4251 1293 4332 adparetsomaicm.
1328 4269 1433 4316 sermo
1451 4256 1501 4316 est

286 4351 399 4416 leniter
429 4350 610 4436 inridentis,
641 4352 728 4435 quod
755 4373 826 4418 cum
853 4373 950 4438 aegre
977 4353 1061 4420 ferat
1082 4355 1216 4439 Megara
1237 4375 1300 4420 non
1322 4355 1391 4420 sine
1414 4373 1500 4420 acer-

156 4501 159 4508 ·
286 4454 385 4521 bitate
416 4452 554 4537 quadam
582 4456 754 4542 respondet
782 4457 882 4540 qaid?
931 4480 1010 4522 ννσννν
1038 4479 1125 4524 creas
1154 4479 1225 4524 mco
1252 4461 1353 4524 anaia
1376 4460 1502 4540 somnia

288 4559 394 4628 adet?
438 4559 502 4626 imo
533 4563 602 4646 ipse
628 4562 781 4632 Hercules
807 4569 861 4632 cst.
922 4583 1017 4648 quam
1049 4564 1187 4632 mauime
1214 4562 1421 4653 Euripideum
1454 4569 1503 4632 est
