3666 5296
379 435 431 491 ace
715 405 723 421 '
934 436 984 491 111.
1003 437 1028 493 e.

379 615 428 675 111
449 607 626 694 Euripides.
665 615 761 691 atque
783 614 838 673 aut
860 609 966 692 poesis
981 629 1112 694 prorsus
1127 609 1259 694 ignarus
1275 629 1357 694 111111,
1381 617 1436 676 aut
1451 611 1590 676 absurda

379 720 451 780 sunt
474 713 618 778 Creontis
647 713 746 778 verba
774 734 831 778 aar
856 733 903 777 1111
926 713 1074 793 precibus
1102 714 1590 796 1111111191111111111111111.2

378 818 476 883 multo
498 817 700 883 inhumanius
722 817 782 882 hoc
803 835 908 898 neque
929 817 962 882 in
978 818 1095 882 acerba
1109 817 1255 883 irrisione
1269 817 1448 903 serendum,
1472 818 1589 886 nedum

377 923 410 987 in
429 941 505 986 sene
535 922 599 986 iam
621 921 769 1006 precibus
792 920 933 986 cedente.
979 921 1155 1007 Hippolyto
1178 921 1258 988 duce
1281 923 1588 1007 aptissimumrecu·

376 1045 524 1111 paramus
641 1106 649 1134 7
748 1103 841 1134 ἴ,
960 1102 1289 1133 m„

614 1135 648 1176 τι
671 1111 698 1177 δ’
722 1135 762 1176 oo
783 1110 889 1195 βιαζει
911 1135 991 1177 nova
1013 1112 1196 1178 αιταλλασει
1216 1137 1326 1200 χεροςς

378 1216 499 1284 scholia
520 1213 643 1296 desunt.
1187 1214 1189 1218 ’

464 1335 708 1403 Andromach.
734 1343 826 1400 1182.
872 1335 988 1402 Peleus
1011 1336 1135 1420 nepotis
1158 1343 1291 1403 mortem
1313 1336 1459 1422 deplorat

614 1435 689 1504 εἴθε
710 1441 739 1504 o'
762 1433 818 1504 ὑπ’
839 1429 921 1525 'lltp
940 1435 1037 1526 ἤναρε
1058 1435 1183 1523 δαίμων

613 1538 806 1626 Σιμοεντίδα
828 1544 906 1629 παρ’
929 1534 1036 1608 ἀκτάν.

505 1649 579 1718 XO.
603 1636 704 1724 ,οὗτός
725 1648 752 1711 τ’
776 1641 815 1711 dv
835 1643 879 1725 ὡς
901 1645 936 1712 ἐκ
951 1647 1045 1712 τῶνδ’
1067 1645 1188 1731 ἐτιμᾶτ’
1212 1644 1269 1727 dv,
1292 1645 1391 1735 γέρον,

614 1749 740 1831 θανών,
762 1749 800 1817 τὸ
822 1749 879 1817 σὸν
902 1751 930 1817 δ’
951 1744 987 1838 ἦν
1009 1741 1064 1817 ὧδ’
1085 1747 1125 1816 ἂν
1148 1743 1375 1840 εὐτυχέστερον.

373 1858 419 1922 ita
442 1855 567 1923 codices
588 1856 652 1922 fide
675 1855 770 1941 digni.
816 1856 912 1922 schol.
936 1855 977 1920 M.
1001 1857 1037 1921 B.
1059 1854 1210 1939 μειζόνως
1232 1852 1272 1923 ἂν
1295 1850 1460 1945 ἐδοξάσθη
1483 1853 1528 1936 ὡς
1550 1855 1586 1926 ἐκ

278 2037 282 2046 Ι
372 1956 526 2028 τοιούτων
557 1955 679 2046 ἀνδρῶν
713 1951 907 2048 ἀνῃρημένος
939 1956 972 2024 ἐν
997 1955 1192 2046 παρατάξει,
1226 1959 1265 2026 σύ
1299 1985 1335 2027 τε
1364 1957 1586 2050 εὐτυχέστερος

374 2056 563 2153 ἅπήλλαξας
592 2059 764 2149 κερδαίνων
795 2062 853 2152 τὴν
885 2058 1029 2129 εὔκλειαν
1059 2068 1117 2130 τοῦ
1142 2063 1283 2150 ἐκγόνου.
1333 2067 1388 2149 qui
1414 2066 1586 2134 scholiasta

375 2169 463 2236 chori
485 2169 584 2235 verba
605 2169 711 2251 qualia
732 2167 823 2235 nobis
846 2168 965 2235 tradita
988 2176 1060 2236 sunt
1081 2170 1168 2255 legit,
1191 2176 1415 2256 praeterquam
1437 2171 1522 2254 quod
1544 2172 1585 2238 de

372 2274 475 2360 primo
493 2274 647 2340 vocabulo
673 2273 751 2338 nihil
773 2273 857 2339 dicit.
902 2295 976 2339 nam
1007 2274 1209 2343 scholiastam
1231 2277 1384 2341 antestari
1404 2295 1468 2342 non
1490 2276 1584 2342 debe·

373 2380 428 2445 bat
454 2379 488 2444 L.
511 2378 696 2444 Dindorfius
724 2398 794 2444 cum
820 2375 858 2444 τὸ
881 2375 939 2445 σόν
962 2379 989 2442 τ’
1013 2370 1050 2466 ἢν
1072 2379 1234 2446 scriberet.
1280 2386 1386 2446 tamen
1409 2379 1585 2448 Guilelmus

371 2483 471 2548 frater
502 2503 581 2569 prae
615 2483 795 2550 coniectura
829 2484 885 2548 illa
911 2482 1062 2548 traditam
1090 2483 1257 2550 lectionem
1279 2503 1319 2550 111
1340 2493 1585 2551 commemoratu

373 2587 501 2671 quidem
529 2586 658 2672 dignam
685 2586 846 2652 iudicavit.
896 2586 954 2653 sed
983 2567 1159 2654 rectissime
1181 2589 1214 2654 in
1237 2589 1349 2655 scholii
1372 2589 1584 2675 explicatione

372 2713 435 2758 non
462 2691 623 2775 adquievit
645 2691 817 2757 Nauckius.
863 2689 939 2774 quid
970 2691 1074 2758 laudis
1106 2691 1245 2758 adferret
1266 2693 1475 2779 Neoptolemo
1499 2693 1584 2776 quod

372 2817 393 2862 a
415 2797 561 2862 Troianis
591 2796 790 2882 potissimum
817 2796 939 2861 occisus
968 2797 1075 2862 esset?
1107 2818 1181 2862 nam
1209 2796 1294 2880 quod
1317 2797 1488 2864 scholiasta
1510 2819 1582 2884 sup-

372 2901 484 2986 plevit,
514 2901 677 2987 inpugna
702 2900 855 2966 cecidisse
876 2906 1042 2984 praestare
1064 2899 1196 2986 indigna
1218 2900 1331 2986 caede,
1357 2921 1420 2984 qua
1442 2903 1582 2988 Neopto-

371 3006 472 3071 lemus
505 3005 712 3090 interemptus
740 3011 801 3089 est,
833 3025 896 3070 non
926 3005 1009 3070 inest
1035 3005 1142 3071 verbis
1169 3005 1345 3090 Euripidis3
1373 3013 1459 3073 reete
1485 3008 1584 3092 igitur

372 3131 500 3177 versum
519 3116 700 3194 corruptum
722 3108 802 3174 dixit
816 3109 989 3175 Nauckius.
1027 3109 1185 3194 proficisci
1207 3131 1247 3176 ex
1263 3112 1418 3178 sententia
1432 3132 1495 3178 non
1510 3133 1582 3197 pos·

374 3233 496 3299 sumus,
519 3213 783 3300 proficiscendum
806 3219 853 3279 est
876 3233 916 3278 ex
936 3214 1057 3280 litteris.
1103 3215 1223 3281 conicio

524 3347 526 3358 ⁴
590 3317 671 3383 otro
693 3318 719 3401 γ’
742 3313 780 3382 dv
801 3313 846 3395 ὡς
859 3313 984 3403 Ἕκτωρ
1005 3314 1129 3400 ἐτιμᾶτ’
1152 3313 1205 3400 dv,
1230 3317 1333 3408 γέρον,

588 3419 716 3504 θανών,
740 3418 778 3489 τὸ
802 3418 861 3489 σὸν
882 3421 910 3486 d’
933 3413 969 3508 ἦν
990 3412 1044 3487 ds’
1068 3417 1106 3486 dv
1127 3417 1358 3510 εὐτυχέστερον.

304 3601 307 3607 .
371 3527 398 3610 γ’
423 3526 507 3609 quod
533 3527 566 3592 in
589 3547 741 3613 responso
764 3526 978 3592 necessarium
1002 3531 1051 3593 est
1070 3529 1245 3613 Porsonus,
1274 3524 1358 3594 eiiam
1380 3529 1580 3596 Hermannus

371 3630 521 3716 repperit.
566 3651 699 3714 quorum
722 3631 840 3698 sanctis
862 3631 1041 3698 nominibus
1065 3631 1150 3714 quod
1171 3633 1374 3717 scriptionem
1388 3655 1493 3701 meam
1509 3655 1580 3700 con-

375 3733 504 3802 cludere
526 3736 601 3802 licet
623 3756 716 3803 omen
738 3735 858 3821 accipio
881 3735 1098 3802 laetissimum.
