3594 5292
806 431 893 486 1.1.1
962 482 968 493 ,
1431 435 1446 488 7

320 599 456 668 Saeculo
481 603 542 670 XV
571 603 790 672 efflorescente
820 604 922 686 magis
952 605 1119 688 magisque
1144 605 1271 687 linguae
1304 605 1448 674 Graecae

233 705 337 770 studio
370 707 507 790 quinque
529 709 585 773 illa
607 709 795 794 apographa
814 709 900 774 facta
923 715 1008 792 sunt,
1033 728 1115 791 quae
1137 709 1351 776 Kirchhoffius
1374 730 1448 776 enu-

232 815 334 876 merat
363 809 464 895 praef.
486 811 518 876 X
545 811 618 880 adn.
651 813 902 878 recentissimum
925 832 1034 878 eorum
1053 812 1226 880 secundum
1249 833 1289 878 ea
1311 833 1393 896 quae
1415 815 1449 880 in

232 912 430 980 Baccharum
457 915 655 1000 praefatione
678 917 847 984 Elmsleius
875 916 966 1007 testis
994 917 1136 985 oculatus
1160 915 1239 980 dixit
1265 917 1448 984 Laurentia·
1534 971 1536 974 .

232 1036 307 1082 num
330 1026 428 1102 31,1
463 1040 498 1086 re
528 1041 606 1087 vera
642 1022 829 1088 vilissimum
860 1021 1039 1105 exemplum
1078 1040 1150 1086 csse
1185 1019 1327 1106 ridetur,
1364 1022 1449 1106 quod

232 1142 345 1191 moneo
371 1129 543 1210 propterea
565 1125 652 1209 quod
672 1125 723 1192 hic
738 1127 819 1192 liber
834 1126 867 1192 in
882 1145 974 1192 usum
987 1125 1038 1192 Fr.
1055 1124 1215 1209 Philelphi
1229 1125 1346 1190 mortui
1364 1132 1446 1189 1482

233 1226 369 1310 scriptus
398 1229 454 1296 est.
500 1236 533 1294 at
562 1231 685 1298 interea
706 1231 828 1314 ingenti
849 1231 933 1296 malo
953 1229 1100 1302 coderO
1123 1228 1348 1315 pessumdatus
1371 1236 1449 1314 erat,
1473 1261 1477 1272 ·

232 1335 281 1414 ut,
315 1332 369 1414 qui
399 1353 480 1399 unus
514 1354 554 1400 ex
587 1321 799 1420 integerrimis
826 1332 1071 1419 Euripidearum
1103 1335 1276 1398 carminum
1310 1333 1448 1400 fontibus
1524 1341 1527 1354 '

233 1557 317 1624 earn,
341 1561 423 1622 quae
450 1543 594 1610 omnibus
621 1549 750 1629 praeter
772 1542 947 1608 Victorium
974 1541 1090 1607 criticis
1118 1541 1222 1609 adhue
1243 1548 1316 1606 ante
1339 1543 1448 1608 oculos

231 1650 385 1710 versatur.
429 1666 504 1710 narn
525 1647 750 1730 grammaticus
774 1647 884 1714 doctus
908 1645 1037 1728 quidem
1060 1651 1094 1710 at
1116 1645 1291 1712 doctrinam
1314 1645 1450 1714 audacia

232 1767 401 1833 superans,
431 1751 569 1818 metricis
590 1753 837 1838 Byzantinornm
866 1749 985 1833 regulis
1015 1748 1179 1833 addictus,
1208 1755 1244 1816 ut
1266 1749 1345 1817 nihil
1364 1749 1448 1815 suro-

234 1871 301 1916 rem
332 1853 400 1919 eius
428 1854 462 1920 in
492 1855 730 1940 corrumpendis
762 1855 891 1922 canticis
919 1854 1128 1938 aequiperare
1151 1854 1268 1938 possit,
1304 1853 1447 1920 radendo

235 1956 403 2022 oblinendo
425 1959 603 2043 supplendo
625 1959 776 2026 mutando
797 1958 1058 2044 inpudentissima
1079 1977 1138 2042 per
1153 1977 1262 2024 omnes
1277 1958 1345 2024 fere
1359 1957 1448 2024 fabu-

232 2060 281 2126 las
296 2069 461 2143 grassatus
477 2070 546 2129 erat
561 2061 606 2151 (c)
621 2085 715 2148 quern
731 2085 801 2128 curn
817 2067 1025 2146 sequerentur
1039 2061 1239 2148 apographa,
1263 2069 1449 2145 sequeretur
1576 2139 1577 2144 ἵ

233 2164 329 2228 etiam
351 2166 537 2250 plerumque
552 2168 662 2252 Furia,
682 2167 801 2232 facturn
823 2173 884 2244 est,
907 2172 942 2231 ut
963 2165 1018 2232 ubi
1040 2186 1080 2232 ex
1096 2164 1121 2230 O
1137 2166 1279 2232 recensio
1294 2165 1450 2252 penderet

232 2289 295 2333 non
316 2269 350 2333 in
373 2289 451 2354 rupe
475 2271 578 2336 solida
601 2272 659 2338 sed
673 2273 706 2337 in
720 2272 841 2336 harena
856 2276 1060 2336 extrueretur.
1097 2275 1130 2334 at
1143 2270 1250 2354 paullo
1266 2270 1449 2337 intentiores

233 2373 314 2438 oculi
338 2393 355 2437 o
378 2394 398 2464 a
422 2374 446 2440 G
463 2381 494 2441 et
511 2375 554 2440 0²
571 2377 767 2459 distinguere
784 2376 908 2460 valent,
932 2380 1028 2456 atquc
1044 2374 1192 2455 quoniam
1213 2375 1245 2438 in
1261 2375 1308 2440 cis
1323 2373 1448 2458 fabulis,

233 2477 347 2558 quibus
372 2479 506 2545 alterurn
522 2480 639 2546 codicis
660 2485 689 2542 d>
705 2477 912 2564 apographon
928 2484 1029 2561 caret,
1053 2497 1127 2542 rara
1146 2477 1291 2542 fortunae
1308 2477 1448 2560 benigni-

232 2587 281 2646 tas
295 2587 324 2644 Γ
335 2583 425 2649 nobis
445 2585 613 2668 concessit,
632 2584 825 2668 descriptum
843 2603 883 2648 ex
900 2581 924 2646 O
941 2588 1111 2664 antequam
1125 2581 1333 2665 interpolator
1347 2581 1449 2648 saevi-

233 2692 310 2786 ret„
330 2687 492 2753 rarissime
518 2687 558 2753 de
585 2689 724 2772 genuina
745 2688 814 2752 eius
833 2685 968 2752 lectione
989 2685 1142 2750 dubitatio
1163 2684 1238 2752 oriri
1257 2690 1371 2768 potest.
1416 2691 1450 2750 at

231 2789 338 2856 hercle
354 2792 505 2874 primaria
520 2793 551 2858 in
568 2791 628 2858 hoc
644 2792 752 2858 codice
768 2790 951 2876 usurpando
968 2791 1021 2855 lex
1033 2795 1090 2876 est,
1106 2795 1141 2854 ut
1153 2787 1307 2872 quidquid
1318 2809 1338 2854 a
1350 2809 1366 2854 o
1377 2810 1448 2874 pro-

232 2893 348 2960 fectum
365 2903 422 2979 est,
440 2897 501 2962 nisi
515 2896 596 2964 t'orte
613 2904 698 2963 recte
714 2896 856 2980 coniecit,
875 2894 949 2963 forti
965 2895 1070 2960 animo
1082 2894 1201 2959 abicias
1214 2899 1246 2958 et
1257 2898 1447 2960 contemnas.
1483 2931 1484 2934 π

320 2999 529 3066 Revertamur
561 3001 603 3066 ad
639 3001 781 3068 codicem
820 3005 851 3062 (D
876 2999 1100 3081 saeculumque
1128 2997 1205 3062 XIV
1232 2997 1354 3080 exiens,
1386 3018 1448 3080 qno

232 3108 375 3188 ternpore
400 3109 429 3165 Γ
449 3105 537 3170 exO
568 3106 750 3173 Florentiae
781 3104 1028 3173 describebatur.
1080 3103 1144 3167 iam
1175 3103 1275 3166 multa
1302 3101 1387 3166 mala
1419 3106 1450 3164 (D
1573 3095 1575 3100 ’

232 3225 405 3292 perpessus
426 3215 507 3294 crat,
540 3215 676 3291 quatuor
704 3209 832 3291 quidem
855 3213 1024 3292 separatae
1045 3206 1175 3272 fabulae
1197 3206 1340 3288 integrae
1363 3226 1449 3270 man-

235 3318 358 3376 serant:
388 3319 422 3376 at
449 3313 603 3397 quidquid
627 3312 815 3380 Heraclidas
843 3313 1035 3394 sequebatur
1042 3361 1051 3395 ,
1080 3310 1254 3376 abscissum
1277 3309 1448 3393 interierat,

233 3434 293 3479 nec
315 3415 464 3482 damnum
487 3439 525 3484 eo
548 3419 769 3504 reparabatur,
800 3417 885 3499 quod
908 3414 1150 3481 Andromachae
1173 3412 1307 3478 Medeae
1330 3413 1449 3498 Hippo-

234 3519 293 3603 lyti
318 3520 489 3588 Alcestidis
520 3523 668 3607 exempla
695 3521 997 3586 circumferebantur
1027 3525 1081 3583 aut
1112 3539 1153 3582 ex
1180 3523 1210 3579 (Ι)
1237 3517 1307 3602 ipso
1332 3524 1386 3582 aut
1409 3538 1448 3583 ex
1491 3591 1495 3598 ,
1579 3512 1583 3520 ’

233 3623 332 3688 fratre
360 3625 429 3692 eius
460 3625 641 3712 desumpta:
673 3647 747 3691 nam
782 3626 929 3709 exempla
961 3617 1017 3689 illa
1047 3644 1088 3689 ex
1113 3623 1245 3706 vulgata
1272 3623 1450 3707 Byzantina

233 3725 408 3812 (peioribus
435 3730 666 3797 Kirchhot'fiani
695 3729 814 3796 ordinis
846 3728 961 3812 prioris
992 3725 1095 3814 libris)
1125 3727 1317 3810 interpolata
1347 3732 1447 3790 erant.
1517 3762 1519 3766 ·

235 3831 315 3896 haec
336 3833 382 3898 ita
405 3853 440 3900 se
458 3835 607 3902 habuisse
630 3835 780 3902 docemur
795 3833 904 3898 codice
919 3833 1053 3916 Musuri,
1075 3831 1220 3896 Palatino
1238 3837 1314 3913 287,
1337 3829 1448 3895 Kirch-

235 3936 324 4002 hoffii
345 3937 391 4022 B,
415 3939 492 4004 mihi
514 3959 532 4004 e
555 3961 590 4005 re
605 3941 709 4006 visum
724 3945 786 4022 est,
809 3937 835 4002 P
850 3937 955 4022 potius
971 3957 1042 4002 curn
1057 3934 1221 4000 Dindorfio
1237 3954 1309 4000 eum
1324 3929 1448 3998 vocare.

236 4041 437 4115 conferantur
458 4045 568 4130 velim,
592 4063 673 4128 quae
689 4041 905 4108 Kirohhot‘fius
929 4040 969 4107 de
986 4061 1023 4106 eo
1039 4041 1202 4125 praefatus
1218 4045 1275 4104 est
1314 4039 1448 4123 scriptus

236 4151 285 4210 est
318 4149 445 4214 saeculo
473 4149 550 4214 XIV
584 4156 718 4216 exeunte
750 4149 783 4213 in
815 4145 1006 4212 membranis
1041 4145 1119 4210 satis
1155 4143 1370 4228 elegantibus,
1402 4142 1449 4207 uti

236 4249 332 4314 etiam
362 4251 395 4316 in
418 4251 556 4320 Graecia
583 4255 615 4319 in
642 4275 733 4320 usum
758 4253 909 4318 Italorum
929 4271 966 4316 eo
991 4255 1133 4335 tempore
1153 4247 1312 4317 interdum
1335 4247 1448 4312 scribe·
1576 4278 1582 4288 ·
1650 4284 1655 4294 ·

237 4354 342 4438 batur,
372 4376 563 4440 quamquam
594 4380 658 4425 non
685 4359 730 4424 ita
752 4357 936 4439 diligentem
967 4355 1103 4420 scribam
1129 4353 1313 4441 promittere
1336 4352 1448 4434 solent,

235 4479 339 4542 neque
368 4460 451 4526 huno
481 4463 643 4528 librarium
672 4464 765 4527 nimis
795 4467 850 4526 ant
877 4459 1078 4524 laudabimus
1104 4465 1164 4544 ,aut
1190 4456 1448 4541 vituperabimus.

236 4565 443 4649 conplectitur
470 4574 576 4633 autern
601 4569 627 4632 P
652 4567 817 4651 Sophoclis
845 4564 1027 4650 tragoedias
1046 4563 1252 4652 posteriores,
1277 4560 1448 4645 ¹Euripidis
