3626 5288
939 396 975 454 11.
994 397 1019 450 2.
1079 457 1082 462 ,

550 567 659 634 fabula
680 568 777 653 igitur
798 572 872 654 post
888 572 950 632 425
966 565 1202 653 (Aristophanis
1219 567 1412 634 Centaurum
1426 574 1458 636 et
1472 567 1590 635 Achar-

547 671 677 758 nenses)
707 671 801 738 docta
831 680 887 738 est.
939 677 1160 756 argumentum
1190 672 1324 756 praehet
1346 671 1494 758 Hyginus
1519 681 1590 757 186,

549 781 583 841 01
604 794 667 858 quo
689 781 782 842 cauto
804 775 912 842 utaris.
999 785 1005 790 '
1393 763 1399 774 ’

375 880 444 960 441
512 879 722 944 ΟΡΕΣΤΗΣ.
767 885 841 945 408.

549 981 646 1048 schol.
670 990 742 1048 371.
780 982 889 1069 (Dind.
912 983 951 1048 II.
977 989 1049 1066 119,
1075 981 1138 1069 11).

376 1087 443 1165 451
508 1080 621 1163 ciceris.
667 1093 740 1152 aute
761 1091 834 1152 425.

422 1201 424 1204 ’
550 1189 646 1256 Arist.
677 1190 911 1256 0011010418.
958 1189 1137 1274 argumenti
1170 1207 1326 1255 summam
1357 1188 1477 1256 ibidem
1500 1189 1592 1256 scho-

548 1293 644 1360 liasta
664 1294 807 1382 praebet.

375 1399 416 1458 46
505 1391 666 1478 οἱνόμαος.
714 1406 741 1462 1.
786 1393 826 1480 ,1
872 1403 1019 1462 411-8,

549 1499 780 1585 Aristophanes
794 1500 968 1587 Byzantius
983 1500 1015 1565 in
1031 1505 1217 1583 argumento
1232 1499 1480 1566 Phoenissamm
1491 1498 1592 1566 Oeno-

550 1623 657 1668 maum
680 1605 893 1694 Chrysippum
915 1603 1108 1670 Phoenissae
1131 1604 1303 1688 satyricam
1325 1603 1483 1687 perditam
1504 1589 1593 1668 Nau·

550 1708 665 1773 siorate
697 1708 847 1774 archonte
879 1707 990 1774 doctas
1021 1727 1093 1774 esse
1124 1707 1278 1792 perhibet.
1330 1715 1470 1772 411--8
1493 1705 1593 1772 Phoe-

521 1811 653 1878 ,010000
683 1812 780 1878 schol.
810 1811 906 1878 Arist.
935 1811 1015 1876 Ran.
1040 1817 1080 1876 53
1104 1811 1229 1895 tribuit,
1259 1810 1297 1876 01.
1321 1811 1381 1876 No.
1407 1819 1434 1874 7.
1479 1809 1593 1876 Nausi-

550 1921 669 1981 cratem
697 1925 759 1981 411
790 1915 973 1982 archontem
1003 1915 1102 1982 fuisse
1132 1914 1313 2000 suspicatur
1341 1913 1501 2004 Bergkius
1532 1913 1593 1978 Vit.

552 2018 648 2104 Soph.
671 2019 744 2085 adn.
770 2025 845 2104 155,
869 2019 954 2102 quod
975 2019 1072 2086 habet
1094 2039 1150 2085 cur
1169 2019 1310 2103 placeat,
1332 2017 1462 2103 probari
1477 2017 1592 2100 nequit.

551 2128 690 2189 ceterum
701 2123 854 2190 Oenomai
868 2123 1022 2206 reliquiae
1037 2123 1206 2190 severitate
1216 2141 1419 2188 numerorum
1429 2121 1592 2188 excellunt.

377 2227 445 2305 411
507 2220 665 2304 011500ος.
711 2233 783 2312 post
806 2233 879 2292 425.

550 2331 648 2396 Recto
669 2330 787 2396 iudicio
809 2331 991 2397 usiomnes
1014 2330 1069 2412 qui
1091 2329 1132 2395 de
1151 2329 1212 2396 hae
1226 2329 1337 2396 fabula
1352 2334 1484 2413 egerunt
1500 2327 1594 2394 tacite

550 2441 623 2518 post
645 2434 813 2520 Sophoclis
836 2433 994 2518 Oedipum
1016 2432 1076 2521 (ca.
1100 2433 1179 2522 430)
1201 2454 1248 2500 ca.
1265 2423 1450 2498 420-4410
1469 2432 1594 2498 doctam

550 2538 668 2604 volunt.
714 2537 799 2622 quod
833 2538 949 2604 evincit
986 2537 1217 2603 trochaioorum
1254 2537 1487 2602 octonariorum
1516 2554 1592 2601 usus

548 2641 624 2725 lgm.
649 2647 726 2727 549,
752 2649 827 2724 901,
860 2641 1015 2707 consentit
1046 2641 1244 2707 senariorum
1266 2641 1359 2706 color.
1394 2638 1596 2705 adcuratiora

550 2745 716 2825 nescimus.
762 2750 983 2829 argumentum
1004 2749 1078 2829 post
1099 2745 1233 2810 aliorum
1254 2743 1421 2809 conamina
1435 2742 1595 2826 discripsit

552 2849 586 2914 O.
618 2848 770 2915 Vollbehr
797 2849 831 2914 in
861 2849 1022 2934 gymnasii
1053 2846 1329 2913 Gldcksta'diensis
1356 2851 1593 2931 programmate

550 2951 637 3017 haud
658 2953 775 3038 inepte'
819 2959 892 3018 sunt
913 2957 1020 3018 tamen
1043 2971 1125 3034 quae
1148 2951 1264 3034 corrigi
1284 2950 1417 3035 possint.

381 3055 450 3140 48⁸*
515 3050 682 3134 Πελιάδες.
726 3049 762 3139 γ’.
807 3060 880 3120 455.

553 3159 628 3224 Vita
648 3159 672 3224 Ι.
717 3159 813 3225 Dind.
836 3160 860 3224 Ι.
884 3165 914 3224 4.
940 3167 990 3224 10.
1029 3163 1263 3242 argumentum:
1291 3157 1397 3224 Moses
1414 3156 1593 3224 01010000-

552 3262 597 3328 010
620 3263 697 3328 Maii
718 3283 771 3348 pg.
795 3271 837 3330 43
861 3262 911 3328 ed.
934 3261 1060 3329 Mediol.

380 3367 444 3430 49*
510 3363 638 3452 noletis.
685 3372 758 3432 ante
782 3373 854 3431 417.

550 3468 711 3556 Aristoph.
742 3469 825 3535 Nub.
855 3474 939 3532 1154
968 3488 1039 3532 oum
1067 3467 1163 3533 schol.
1187 3465 1314 3532 videtur
1335 3471 1442 3532 autem
1465 3464 1595 3532 alterius

552 3573 698 3639 editionis
730 3573 785 3639 ille
818 3592 930 3639 versus
959 3591 1043 3655 0000,
1081 3575 1301 3655 argumentum
1328 3569 1595 3636 obscurissimum.

552 3677 580 3742 si
605 3677 720 3743 Peleus
747 3677 788 3742 ab
815 3675 932 3742 Acasto
960 3675 1044 3741 male
1070 3680 1224 3740 tractatus
1250 3672 1396 3739 inductus
1420 3678 1501 3758 erat,
1523 3679 1596 3758 post

511 3783 513 3786 ’
548 3780 771 3846 Acharnenses
793 3786 865 3846 acta
886 3777 1020 3845 videtur.

378 3884 442 3948 50*
507 3881 714 3970 πλεισθένης.
758 3875 833 3950 ante
856 3888 929 3948 415.
1498 3959 1500 3962 Ι

549 3986 709 4072 Aristoph.
732 3989 791 4052 Av.
817 3994 900 4052 1232
918 4019 953 4040 =
967 3986 1042 4050 Eur.
1067 3990 1140 4050 630.
1178 3982 1373 4050 Plisthenem
1390 3981 1481 4049 Atrei
1496 3981 1596 4048 filium

550 4111 614 4156 non
635 4096 759 4176 patrem
781 4109 851 4156 0000
874 4089 967 4156 docet
990 4097 1062 4154 627.
1108 4093 1215 4155 cetera
1237 4087 1381 4154 obscura.

379 4195 441 4262 51*
508 4191 711 4281 παλαμήδης.
758 4202 786 4258 2.
809 4187 849 4276 ,1.
874 4197 947 4258 415.

549 4299 588 4364 of.
622 4298 682 4364 Nc.
707 4303 735 4362 5.
792 4303 948 4364 memorat
980 4297 1141 4382 Aristoph.
1176 4295 1305 4362 Thesm.
1343 4301 1414 4358 770.
1469 4297 1597 4378 tempus

550 4402 646 4469 etiam
673 4401 770 4470 schol.
796 4401 892 4469 Arist.
920 4399 1216 4468 1084210011001.
1266 4397 1448 4482 argumenti
1475 4416 1599 4464 summa

552 4505 746 4591 clarissima,
771 4505 945 4591 singulariae
966 4505 1110 4574 obseura
