3666 5296
368 382 419 438 184
930 382 967 437 Π.
985 383 1011 439 5.

367 555 453 640 qnod
473 556 506 622 in
527 556 621 643 libro,
648 577 742 642 quem
764 558 938 643 excerpsit,
961 557 1046 624 idem
1068 555 1202 624 Medeae
1223 560 1442 640 argumentum
1464 575 1574 640 reppe-

366 661 421 745 rit,
443 661 528 745 quod
548 669 622 728 ante
640 663 837 747 tragoediam
858 663 975 729 nostris
995 662 1028 728 in
1048 662 1209 729 codicibus
1232 666 1391 728 servatum
1405 666 1461 727 est.
1496 659 1576 726 vidit

368 765 428 836 hoo
459 766 616 834 Robertns
647 766 688 833 de
717 768 912 853 Apollodoro
946 775 996 833 83.
1052 766 1275 833 semibarbaris
1301 786 1396 851 porro
1428 763 1574 850 tempori-

367 869 427 936 bus
454 869 562 937 ldoses
589 871 800 939 Chorenensis
833 873 867 938 in
899 871 1189 958 progymnasmatis
1217 872 1331 954 Aeque
1360 875 1392 935 et
1417 889 1457 934 ex
1484 874 1576 953 parte

366 973 536 1039 Peliadum
561 982 748 1060 argumenta
767 976 881 1061 posuit.
925 976 1097 1042 Alcesttdc's
1118 974 1203 1058 quod
1227 979 1314 1041 extat
1335 995 1356 1039 a
1376 971 1575 1040 Dicaearcho

368 1077 542 1144 conlectum
573 1079 745 1146 scholiasta
774 1080 916 1146 Platonis
949 1079 991 1145 ad
1024 1100 1125 1166 symp.
1155 1087 1217 1144 179
1236 1081 1270 1146 Β.
1319 1077 1371 1144 vel
1402 1083 1475 1162 post
1490 1096 1574 1162 *cum

366 1182 524 1266 antiquior
549 1182 582 1255 in
603 1183 775 1251 Aristidem
801 1185 1042 1252 commentarius
1075 1183 1270 1269 conscriptus
1301 1188 1362 1266 est,
1395 1181 1576 1268 (qui-nunc

367 1286 494 1370 quidem
524 1287 557 1353 in
590 1287 790 1356 futtilissimis
809 1289 1004 1376 Byzantinae
1035 1287 1235 1372 loquacitatis
1267 1287 1390 1352 acervis
1420 1286 1508 1369 latet,
1542 1291 1576 1350 at

280 1403 281 1406 ’
367 1411 408 1458 cx
439 1390 600 1458 codicibus
633 1393 759 1478 optimis
789 1393 937 1458 Laurent.
961 1400 1015 1478 60,
1039 1402 1058 1460 3
1086 1398 1118 1458 ct
1148 1391 1302 1457 Vaticano
1336 1397 1419 1455 1298
1452 1391 1576 1474 integer

366 1501 473 1581 potest
501 1495 636 1584 restitui)
665 1497 717 1562 hic
744 1497 848 1582 prima
876 1496 975 1562 verba
996 1517 1036 1562 cx
1058 1496 1231 1562 Protesilai
1253 1501 1437 1580 argumento
1458 1492 1575 1577 adsert3

368 1605 463 1683 atque
500 1598 651 1686 Gregorii}
685 1599 838 1667 Corinthii
870 1601 1059 1668 scholiastae
1094 1600 1266 1667 scholiasta
1298 1599 1439 1666 Pirithoi
1471 1598 1574 1664 Melo

366 1705 488 1785 hippoe
520 1703 721 1787 pbdosophoe
756 1704 961 1772 Stheneboeae
997 1711 1183 1790 argumenta
1211 1704 1289 1772 satis
1318 1704 1425 1789 ampla
1457 1702 1575 1768 adscri-

367 1809 445 1894 psit,
479 1807 615 1892 denique
647 1809 782 1877 Tzetnae
818 1811 871 1876 vel
903 1810 1061 1897 satyricae
1092 1809 1221 1876 fabulae
1242 1807 1330 1893 scot
1356 1814 1575 1894 argumentum

365 1918 495 1999 praesto
515 1912 582 1981 fuit.
593 1913 620 2000 ὅ)
663 1913 777 1996 quodsi
798 1915 977 1981 etiamnunc
996 1914 1133 1981 dubitari
1147 1913 1261 1999 possit,
1283 1913 1414 1980 haecine
1428 1933 1468 1980 ex
1483 1932 1574 1997 argu-

367 2023 543 2084 mentorum
566 2018 692 2103 sylloga
711 2025 861 2104 excerpta
880 2019 943 2085 sint
964 2040 1006 2085 an
1021 2019 1242 2104 qualicumque
1255 2017 1311 2084 via
1329 2018 1371 2084 ad
1384 2019 1474 2104 ipsas
1487 2017 1575 2084 labn-

367 2122 416 2187 las
443 2120 609 2206 recedant,
637 2123 782 2188 evellitur
808 2122 889 2189 haec
910 2122 1124 2190 dubitatio-eo
1146 2123 1231 2206 quod
1252 2123 1393 2188 Platonis
1416 2130 1448 2189 et
1464 2121 1575 2188 Aristi-

368 2225 418 2292 dis
448 2231 480 2292 et
499 2223 647 2311 Gregorii
676 2225 867 2293 scholiastae
888 2227 950 2294 hoc
968 2227 1063 2294 modo
1085 2233 1273 2311 argumenta
1295 2226 1454 2310 adferunt,
1478 2223 1497 2313 ἡ
1519 2227 1577 2291 τοῦ

367 2325 532 2413 Πειρίθου
553 2323 718 2408 ὑπόθεσίς
740 2327 827 2395 ἐστιν
849 2326 942 2418 αὕτη,
965 2331 1098 2398 Tzetzes
1112 2338 1218 2397 autem
1233 2329 1319 2414 quod
1334 2351 1369 2396 se
1383 2330 1455 2415 ipsa
1468 2329 1577 2396 fabula

366 2453 459 2500 usum
489 2454 561 2501 esse
593 2435 742 2502 mentitur
769 2434 922 2522 (Cramer.
952 2436 1011 2502 An.
1033 2437 1172 2502 Paulli
1194 2442 1266 2500 337.
1291 2434 1324 2522 9)
1358 2441 1577 2520 argumentum

367 2538 523 2622 significat
555 2539 632 2606 satis
663 2541 846 2608 luculenter.
896 2540 1033 2625 deniqne
1062 2540 1188 2606 dicendi
1219 2560 1320 2624 genus
1353 2539 1457 2622 siquid
1482 2539 1577 2606 video

366 2663 498 2729 prorsus
531 2645 665 2727 aequale
691 2646 835 2712 omnibus
860 2647 911 2713 his
936 2645 1075 2731 scriptis,
1105 2651 1171 2710 tam
1199 2644 1280 2710 exile
1304 2645 1414 2710 utrix
1441 2644 1577 2710 audeam

367 2747 448 2814 duce
468 2747 639 2815 Alcestidis
664 2757 848 2833 argumento
872 2757 972 2816 totam
994 2751 1151 2838 syllogam
1173 2748 1216 2814 ad
1236 2747 1426 2814 Dicaearchi
1447 2742 1578 2814 ὑποθέ-

369 2871 437 2931 σεις
458 2857 522 2917 τῶν
542 2851 744 2940 Σοφοκλέους
765 2851 819 2919 καὶ
842 2844 1020 2940 Εὐριπίδου
1040 2853 1154 2937 μύθων
1174 2853 1301 2919 referre.
1312 2851 1339 2937 ⁶)

456 2956 519 3036 Qui
540 2957 734 3042 argumentis
755 2959 940 3045 utebantur,
974 2979 1008 3025 se
1028 2959 1099 3045 ipso
1123 2963 1219 3042 poeta
1238 2977 1314 3025 usos
1337 2977 1422 3044 esse,
1452 2959 1498 3025 uti
1519 2979 1579 3045 par

369 3068 431 3146 est,
451 3062 664 3128 simulabant
694 3083 789 3146 quam
811 3062 978 3130 dissimilia
997 3063 1039 3128 ab
1059 3063 1160 3148 ipsius
1181 3069 1294 3148 poetae
1309 3062 1490 3130 narratione
1504 3062 1579 3130 inde

368 3165 458 3232 nasci
471 3167 630 3250 potuerint
642 3167 760 3234 Iliacae
773 3167 901 3234 tabulae
915 3167 1139 3234 demonstrant.
1172 3174 1279 3233 tamen
1293 3187 1334 3232 ne
1352 3166 1437 3252 apud
1449 3167 1578 3253 scripto

368 3289 421 3337 res
443 3269 570 3372 quidem
587 3271 665 3336 talia
688 3271 810 3339 desunt.
848 3277 971 3338 constat
996 3270 1142 3355 tragicos·
1156 3270 1278 3338 Atticos
1300 3269 1346 3357 (in
1365 3272 1579 3358 Aristophane

457 3492 485 3562 5)
507 3491 579 3547 Num
601 3492 671 3547 forte
689 3492 724 3548 ad
742 3496 902 3560 argumenta
919 3491 1033 3546 redeunt
1055 3490 1174 3562 quaeda
1192 3489 1311 3560 Antiopa
1329 3491 1424 3545 Danaa
1442 3489 1578 3546 Cretensi-

369 3580 419 3636 bus
437 3579 574 3650 Meleagro
597 3579 741 3649 adscripsit
756 3579 891 3634 Malaios?
930 3581 1001 3634 certe
1023 3578 1104 3632 aliter
1126 3577 1247 3647 loquitur
1278 3577 1302 3631 si
1326 3577 1434 3646 quando
1459 3576 1579 3634 fabulam

368 3669 456 3738 ipsam
472 3667 554 3738 legit,
573 3666 658 3722 veluti
676 3666 710 3722 de
726 3665 869 3736 Iphigenia
888 3665 1001 3721 Taurica
1017 3665 1042 3719 V
1060 3665 1119 3720 136.
1149 3679 1217 3734 quae
1236 3663 1269 3718 de
1282 3662 1384 3734 Oedipo
1397 3664 1482 3721 habet
1492 3665 1579 3720 msul-

371 3771 417 3812 sus
433 3755 514 3810 homo
531 3753 694 3808 Phoenissae
711 3756 842 3824 spectant
1514 3817 1518 3828 ὁ

458 3843 486 3911 6)
513 3840 603 3896 Etiam
630 3839 664 3894 ab
692 3839 840 3895 editoribus
861 3841 953 3908 paullo
979 3839 1169 3910 neglegentius
1197 3839 1263 3894 haec
1290 3839 1392 3907 scripta
1419 3839 1579 3894 tractantur.

370 3927 495 3984 Phaedra
520 3927 665 3996 epistulam
690 3927 830 3996 scripsisse
856 3927 942 3982 fertur
970 3926 1008 3979 δι’
1041 3916 1072 3993 ἧς
1097 3923 1264 3980 Ἱππολύτου
1292 3923 1410 3997 φθορὰν
1433 3923 1579 3999 κατηγόρει

370 4019 418 4068 καὶ
445 4010 601 4082 ἐπιβουλήν.
640 4013 753 4068 insidias
773 4013 841 4068 istas
864 4012 1009 4084 Hippolyti
1032 4029 1109 4068 nemo
1123 4011 1218 4068 norit:
1251 4010 1375 4066 Phaedra
1401 4012 1579 4082 Hippolytum

371 4101 458 4171 stupri
481 4099 623 4156 incusabat
639 4115 688 4170 per
705 4099 819 4154 insidias
837 4100 907 4169 (κατ’
927 4098 1160 4168 &assentiendo
1178 4098 1365 4168 Demophontc
1382 4098 1499 4170 legimus
1512 4117 1579 4172 χρυ-

372 4171 453 4261 opes
470 4189 502 4242 δὲ
520 4187 592 4256 αὐτῷ
607 4183 769 4258 νικηφόρων
786 4192 959 4256 γενηθέντων
977 4185 1027 4240 ἐὰν
1044 4183 1171 4257 Δήμητρι
1185 4178 1239 4252 ιτὴν
1257 4183 1458 4255 myrreorum
1475 4190 1581 4260 nepte·

371 4293 421 4332 νον
439 4271 532 4347 σφάξῃ
554 4279 611 4332 τοῖς
633 4271 727 4342 λόγοις
747 4277 854 4346 βαρέως
876 4273 957 4342 εἶχεν.
992 4289 1047 4327 non
1065 4273 1146 4340 verba
1161 4272 1208 4326 sed
1226 4273 1335 4328 oracula
1352 4272 1482 4342 (λογίοις)
1499 4286 1580 4341 aegre

370 4360 483 4416 terebat
526 4360 685 4429 inportunae
708 4359 915 4414 constructionis
941 4360 1091 4429 exemplum
1114 4359 1259 4430 praecedit.
1305 4357 1415 4414 Orestes
1442 4373 1459 4413 a
1485 4358 1582 4412 Tauris

372 4447 478 4518 capitur
499 4446 647 4522 reportatio
669 4445 727 4500 ἀπὸ
750 4452 796 4514 τῆς
818 4449 886 4506 νεὼς
903 4451 950 4500 καὶ
968 4453 1080 4518 pesam
1104 4461 1159 4501 non
1176 4461 1238 4501 vero
1256 4445 1320 4518 quia
1337 4444 1467 4514 adparuit
1484 4448 1581 4516 captus

372 4537 415 4591 cst
432 4534 479 4590 sed
497 4533 561 4606 quia
578 4533 708 4590 insauffit
725 4533 853 4604 (μανείς).
