3594 5292
785 345 807 400 1.
829 345 854 400 6.
1132 371 1133 375 ’
1397 343 1432 401 39

383 521 526 576 allusero
545 520 642 576 detur?
679 521 695 574 ὁ
714 523 780 579 νοῦς
798 516 841 574 ὅδ’
860 517 943 580 αὐτὸς
961 525 1029 574 νοῦν
1040 520 1111 590 ἔχων
1123 520 1159 594 orl
1168 521 1299 592 τυγχάνει
1311 519 1431 590 proieoto

382 607 416 662 (le
440 623 469 662 se
491 607 551 676 ipso
577 607 665 662 dicere
681 606 796 661 videtur.
831 623 873 669 me
891 605 980 662 iudioe
999 605 1051 661 hoo
1066 607 1184 662 frustum
1201 607 1309 676 eliunde
1326 607 1431 662 furatus

379 695 421 748 est
454 693 501 764 qui
532 694 602 748 hene
634 709 759 754 scaenam
790 709 822 748 er
848 692 968 748 disiectis
995 694 1093 762 pennis
1122 695 1324 749 eonseroinevit.
1367 711 1431 749 nam

378 781 528 851 proximum
548 796 652 850 quoque
670 796 791 845 versum,
802 796 889 850 vquern
907 779 940 834 eb
960 781 1115 836 Hermanno
1133 783 1206 835 reete
1225 782 1354 850 seriptum
1371 798 1431 837 esse

379 868 469 922 subB
497 867 647 922 videbimus
673 867 725 920 τίν’
752 865 871 934 ἠδίκησα
889 871 953 921 ΚΛ.
977 867 1050 920 τοῦτ’
1075 865 1262 939 oporteretne
1280 869 1373 940 πάρα,·
1397 868 1430 923 ab

378 953 507 1022 Euripide
526 971 579 1008 non
599 953 729 1023 seriptum
746 969 805 1007 esse
822 953 973 1008 pertissima
990 955 1045 1018 lex,
1068 971 1149 1024 quem
1172 955 1201 1008 in
1219 955 1341 1010 versibus
1359 955 1430 1009 inter

378 1039 457 1096 binos
475 1056 603 1109 personas
621 1040 773 1096 dividendis
790 1041 826 1095 ob
844 1057 875 1096 eo
893 1039 1062 1095 observatam
1074 1055 1139 1096 esso
1149 1041 1221 1096 inire
1234 1041 1430 1106 demonstrabo,

380 1127 486 1182 evinoit
522 1129 603 1198 atque
621 1127 719 1184 deletis
737 1127 813 1184 1139.
831 1127 867 1182 40
884 1127 1033 1183 sententies
1045 1130 1162 1198 aptiores
1174 1127 1233 1183 lieri
1250 1125 1330 1183 ioeile
1347 1127 1430 1184 intel·
1497 1120 1499 1125 ’

377 1214 486 1284 legitur.

220 1333 262 1371 vs.
275 1317 343 1374 1151
378 1323 567 1395 προσουρίσας
582 1317 648 1375 Pio.
684 1317 876 1394 προσουρήσας
892 1319 915 1372 Ρ
934 1333 1029 1374 errore.

275 1423 343 1480 1185
379 1424 410 1479 δὲ
428 1423 510 1478 παῖδ’·
532 1424 601 1478 ἔνθα
627 1421 681 1477 ΡΟ.
722 1421 772 1489 τὴν
798 1425 860 1478 ente
888 1423 968 1476 aare
989 1421 1085 1478 inserit
1106 1439 1129 1478 o.
1165 1439 1266 1478 moneo
1292 1424 1432 1492 praetereo

378 1511 458 1564 παῖδ’
477 1509 548 1565 ἔνθα
566 1510 595 1564 in
614 1508 635 1564 Ο
653 1509 743 1564 extare
760 1509 789 1564 in
806 1525 913 1576 rasore,
931 1511 964 1564 nt
979 1509 1094 1564 iortesse
1113 1509 1188 1564 eliud
1207 1509 1328 1564 extiterit
1348 1512 1430 1579 etque

378 1597 470 1650 παῖδα
488 1597 567 1652 ἔνθα
602 1598 676 1650 reete
694 1595 760 1650 feeit
774 1595 971 1664 Kirehlrolfius,
995 1596 1067 1666 quod
1084 1585 1249 1655 in‘editione
1267 1595 1354 1652 nitere
1371 1613 1430 1651 ver·

381 1699 441 1738 snm
463 1684 550 1753 qualis
575 1683 694 1737 traditur
712 1682 840 1738 exhibuit.
876 1685 983 1750 tentum
1001 1683 1072 1736 enim
1092 1682 1182 1748 obest,
1207 1685 1240 1737 ut
1257 1684 1367 1738 senatus
1386 1681 1430 1748 sit,

378 1773 411 1826 ut
434 1787 500 1826 num
517 1769 624 1824 omnino
644 1770 733 1824 senari
750 1769 838 1838 possit
859 1769 1037 1824 dubitandum
1053 1769 1097 1824 sit.
1127 1779 1220 1825 rereo'r
1235 1770 1267 1824 ut
1279 1770 1310 1824 δὲ
1322 1767 1431 1824 defendi

378 1857 567 1928 possitneque
584 1857 654 1911 ἔνθα
672 1858 740 1912 bene
758 1873 788 1911 se
805 1850 895 1910 hebet.

276 1963 344 2018 1186
380 1960 395 2016 ὁ
414 1959 528 2034 σφάζων
543 1961 567 2016 Ρ
586 1963 614 2016 et
630 1957 652 2015 Ο
670 1959 718 2016 ubi
735 1977 806 2016 nuno
824 1977 929 2033 erasum
947 1961 997 2016 est.

274 2049 344 2104 1194
377 2047 440 2118 ἦλθ’
459 2048 512 2104 ΡΟ.
547 2045 631 2118 ἦλθεν
649 2063 670 2104 o.

274 2135 342 2191 1247
379 2132 436 2190 δύω
452 2131 507 2192 ΡΟ.

274 2223 342 2280 1252
378 2225 466 2282 καλῶς
483 2227 583 2278 θανεῖν
600 2220 655 2276 ΡΟ.
690 2237 751 2276 oum
769 2219 884 2276 Stobaeo
901 2221 979 2289 109‚5
998 2227 1097 2276 θανεῖν
1114 2224 1202 2282 καλῶς
1217 2239 1243 2292 p.
1278 2221 1430 2276 illudhuno

378 2312 485 2380 poetam
502 2309 581 2364 unice
599 2307 683 2364 (lecet.

274 2415 341 2470 1267
377 2419 518 2468 κτείνουσι
536 2412 590 2468 ΡΟ.

249 2487 344 2557 '1268
378 2503 523 2573 θέσφατον
539 2498 594 2554 ΡΟ.

275 2589 342 2644 1277
378 2585 506 2642 θανάτου
526 2593 577 2640 σοῦ
594 2585 649 2641 ΡΟ.

272 2674 340 2729 1299
375 2677 423 2728 καὶ
443 2670 565 2749 ῥοδόεντ’
582 2671 635 2730 ΡΟ.

272 2761 340 2816 1327
376 2765 434 2820 τοῖς
450 2759 492 2815 bis
509 2759 564 2816 ΡΟ.

272 2847 341 2905 1335
376 2847 534 2917 Aequoreos
550 2845 604 2902 ΡΟ.
639 2853 697 2908 τοῖς
715 2845 792 2902 addit
808 2865 835 2918 p.

272 2935 341 2991 1343
376 2935 540 2990 πεπτωκότα
557 2933 612 2990 ΡΟ.
648 2931 804 3009 πράγματα
820 2935 914 3006 glossa
930 2935 1113 2992 interlinearis
1130 2954 1156 3006 p.

272 3021 340 3078 1347
375 3020 460 3093 λόγον
477 3020 531 3077 ΡΟ.
1180 3009 1183 3018 ’

274 3111 343 3166 1348
377 3110 492 3172 κούδεὶς
510 3111 623 3166 ἐναντία
639 3113 713 3181 λέγει
730 3109 785 3166 ΡΟ.

377 3217 402 3252 κ.
419 3197 512 3250 τοῖσδ’
533 3196 659 3251 ἐναντίον
678 3200 701 3251 λ.
719 3214 746 3266 p.

277 3284 346 3341 1351
382 3286 431 3337 τοῦ
449 3281 578 3356 σώματος
591 3283 646 3338 ΡΟ.
682 3283 712 3338 in
730 3301 781 3354 quo
801 3301 871 3340 nune
890 3302 997 3344 erasum
1016 3289 1058 3342 est
1077 3291 1136 3344 τοῦ.
1252 3341 1256 3346 .

274 3371 343 3428 1352
377 3369 571 3446 Μυρμιδόνων
587 3368 642 3425 ΡΟ.

274 3459 343 3516 1354
377 3455 426 3511 τὸν
443 3457 544 3528 γάμων
559 3456 612 3513 ΡΟ.
647 3457 689 3512 uti
706 3457 840 3513 Matthiae
860 3461 1017 3514 correxerat

275 3545 343 3602 1359
378 3540 454 3617 μάχη
471 3543 526 3600 ΡΟ.

277 3633 344 3689 1367
382 3629 585 3701 turpentes.
620 3632 720 3702 ἀντέχῃ
738 3631 761 3686 Ρ
779 3649 852 3688 mero
872 3649 960 3688 errore
976 3633 1021 3688 uti
1039 3633 1162 3688 arbitror.
1233 3671 1236 3678 ,

274 3720 344 3776 1374
379 3718 562 3788 ἐννοουμένην
580 3716 647 3773 cPr.
683 3719 849 3789 ἔννοουμένη
868 3721 891 3776 Ρ
909 3737 983 3776 mero
1003 3737 1100 3776 errore.

278 3806 347 3862 1398
381 3805 449 3860 ἕνεκ’
467 3803 512 3861 ΟΡ
529 3805 571 3861 uti
589 3805 657 3861 1367
676 3808 705 3860 et
721 3807 797 3862 1621.
833 3807 877 3862 hio
895 3823 910 3862 e
927 3807 1049 3862 oorrerit.
1086 3810 1198 3863 oeresnt
1215 3806 1432 3870 his-utsntnrod

379 3893 543 3956 ioloiendom
560 3893 723 3948 sententiam
734 3893 887 3949 defensores
899 3895 1001 3950 formae
1011 3895 1150 3964 legitimae
1164 3897 1274 3961 stream
1291 3907 1354 3948 nem
1366 3909 1432 3948 sne·
1543 3936 1544 3942 ,

381 3981 484 4050 logiam
503 3979 610 4050 quidem
629 3981 853 4046 consentientem,
877 3998 957 4036 usum
973 3983 1142 4036 oonstentem
1160 3985 1188 4038 et
1204 3985 1324 4044 retffum
1342 3997 1432 4051 grem·

381 4068 541 4124 metioorum
563 4071 591 4124 et
609 4069 729 4123 oodienm
753 4068 957 4124 dissentientem
974 4068 1088 4133 hebent,
1112 4085 1191 4140 quem
1208 4069 1288 4139 penei
1303 4068 1357 4124 1οοὶ
1375 4084 1432 4122 οοτ-

380 4155 599 4226 ruptissimornm
618 4157 779 4225 seriptorum
796 4161 851 4211 n'on
867 4156 1028 4226 intrIngunt.

274 4260 344 4316 1395
377 4258 410 4314 τὸ
429 4277 481 4316 om.
499 4258 552 4316 ΡΟ.
571 4259 632 4316 odd.
650 4278 676 4330 p.

275 4350 344 4405 1398
380 4347 456 4403 θύετ’
474 4349 637 4420 ἐκπορθεῖτε
654 4347 721 4404 ΡὈ.
752 4345 839 4402 θύετε
856 4353 988 4424 neptesve
1005 4347 1028 4402 P
1043 4363 1117 4404 mero
1135 4361 1231 4421 errore.

276 4435 345 4492 1455
380 4432 431 4490 τὸν
448 4435 520 4508 ἐμὸν
538 4434 591 4490 ΡΟ.
628 4454 662 4506 ys
680 4435 739 4490 edd.
758 4452 779 4489 o.
852 4421 855 4428 ¹
1043 4455 1048 4466 ·
1140 4441 1143 4447 ’

275 4522 345 4593 1480
378 4520 450 4586 ναὸν
470 4520 514 4578 ΟΡ
530 4523 577 4610 qui
592 4521 650 4614 ipse
668 4521 825 4612 laboqnod
842 4511 958 4606 primunt
976 4503 1121 4594 so'ripseret
1137 4521 1259 4588 torserit.
