3666 5296
389 413 442 470 298
948 423 998 479 ΠΙ.
1018 421 1043 480 1.

391 590 612 678 philosophiae
645 593 820 662 hedonicae
852 597 1019 664 veritatem
1056 599 1121 666 suis
1153 599 1339 665 metirentur
1371 596 1602 682 cupiditatibus.

391 695 486 762 etiam
500 697 668 783 Euripides
690 701 777 784 vulgi
799 699 950 766 iudicium
972 701 1013 768 de
1036 703 1247 768 nesciocuius
1273 702 1435 788 sophistae
1452 701 1610 790 doctrinis,

389 820 452 874 non
473 802 541 868 sine
564 803 655 870 suavi
676 804 820 870 irrisione
843 805 948 872 refert.
995 807 1117 873 orditur
1139 808 1223 874 enim
1246 807 1384 893 Cyclops

586 919 603 988 ὁ
627 925 779 1004 auctare,
808 920 1040 1010 ἄνθρώντιοκε,
1063 932 1135 1005 τοῖς
1157 931 1274 1014 σοφοῖς
1294 921 1384 1003 θεός.

390 1040 479 1128 quid,
503 1043 648 1130 obsecro,
677 1045 810 1132 Cyclopi
831 1067 902 1112 cum
924 1045 1065 1116 divitiis?
1108 1069 1149 1114 ne
1169 1049 1257 1114 novit
1279 1047 1420 1131 quidem3
1445 1048 1472 1112 si
1494 1052 1603 1112 nosset

389 1154 561 1230 sperneret.
611 1149 669 1215 sed
702 1171 759 1216 suo
790 1151 858 1218 iure
890 1151 1060 1238 Euripides
1093 1153 1326 1238 philosophiam
1361 1151 1510 1237 Cyclopis
1541 1150 1601 1216 sibi

388 1250 450 1335 ipsi
471 1272 534 1317 non
556 1260 751 1320 constantem
772 1256 859 1341 fecit,
882 1263 917 1322 111
939 1256 1130 1341 sophisticae
1151 1257 1325 1342 sapientiae
1344 1256 1516 1340 imaginem
1535 1255 1600 1340 ple-

388 1375 463 1420 nam
485 1357 641 1423 redderet.
686 1380 797 1425 verum
819 1380 915 1445 quam
936 1361 988 1427 hic
1010 1362 1144 1428 libenter
1166 1362 1341 1447 amplector
1366 1360 1602 1426 excusationem

387 1438 506 1526 frustra
539 1481 657 1545 quaero
683 1465 828 1532 uersibus
857 1473 932 1532 334.
958 1470 989 1530 5.
1013 1466 1151 1549 loquitur
1177 1465 1219 1532 de
1244 1441 1404 1550 frugibus,
1438 1484 1518 1547 quas
1541 1463 1601 1529 sibi

388 1569 475 1630 terra
494 1565 577 1632 ferat
598 1569 743 1650 quamvis
765 1571 866 1636 invita

607 1682 674 1771 11γώ
695 1684 797 1754 οὔτινι
817 1688 888 1756 θύω
906 1689 991 1780 πλὴν
1012 1685 1103 1772 ε’μοί,
1128 1693 1241 1756 θεοῖσι
1263 1690 1291 1754 d'
1315 1683 1359 1769 οὔ,

607 1790 663 1857 καὶ
685 1796 724 1880 τῇ
743 1789 876 1882 μεγίστῃ
899 1793 1016 1880 γαστρὶ
1040 1793 1117 1884 τῇδε
1139 1789 1309 1878 δαιμόνων.

389 1930 445 1975 cur
467 1930 502 1976 se
523 1911 628 1996 ipsum
650 1912 745 1980 deum
767 1935 839 1982 esse
861 1915 913 1982 hio
935 1915 1114 1984 dissimulat
1136 1916 1287 2002 cyclops,
1319 1934 1381 1998 quo
1405 1915 1601 1980 exultaverat

391 2022 467 2097 231,
492 2015 577 2080 321?
619 2024 654 2083 ut
675 2039 751 2085 vero
770 2019 835 2086 hoc
857 2021 919 2086 sibi
939 2021 1108 2088 indulserit
1130 2020 1314 2106 Euripides,
1336 2039 1440 2085 nonne
1462 2016 1600 2084 absurde

388 2119 528 2202 loquitur
556 2123 610 2204 qui
637 2142 672 2188 se
698 2143 761 2190 non
784 2123 853 2190 deis
876 2123 936 2192 sed
957 2125 1089 2192 deorum
1112 2145 1235 2193 summo
1258 2144 1351 2191 sacra
1371 2122 1478 2188 facere
1501 2121 1602 2186 dicit?

389 2230 479 2291 estne
513 2247 553 2292 ex
586 2227 641 2292 uili
675 2229 925 2295 coniecturarum
959 2249 1105 2314 genere,¹
1129 2249 1212 2313 quae
1251 2237 1413 2311 tamquam
1444 2225 1602 2310 iapeatosi

388 2326 478 2394 tusas
500 2336 532 2395 et
551 2329 722 2396 laudantur
743 2339 776 2398 et
798 2340 1053 2420 contemnuntur,
1076 2335 1240 2400 lenissima
1261 2333 1393 2398 mutatio
1416 2347 1479 2414 qua
1498 2330 1602 2396 ventri

389 2433 522 2499 alterum
555 2434 650 2501 deum
676 2435 800 2522 addidi,
832 2438 928 2504 istum
958 2437 1013 2522 qui
1041 2437 1167 2522 quando
1194 2438 1331 2524 Cyclops
1360 2443 1448 2502 satur
1471 2435 1601 2520 supinus

388 2537 513 2604 iacebat
534 2540 736 2624 tunicamque
758 2542 952 2626 palliumque
975 2543 1209 2630 pertundebat?

605 2657 672 2745 11γώ
696 2656 795 2728 οἲτινι
816 2657 894 2728 θύω
916 2662 1001 2751 πλὴν
1023 2662 1114 2747 ἐμοῖς
1136 2668 1245 2742 θεοῖς,
1269 2659 1348 2743 ἰδού,

606 2753 660 2830 καὶ
682 2769 723 2853 τῇ
744 2763 878 2854 μεγίστῃ
899 2765 1014 2854 γαστρὶ
1034 2768 1109 2856 τῇδε
1131 2765 1300 2850 δαιμόνων.

390 2886 490 2952 orasis
513 2894 544 2952 et
567 2893 759 2973 anapaestus
783 2895 845 2954 334
869 2888 942 2956 odio
966 2889 1029 2956 sint
1051 2887 1236 2956 delicatulis.

754 3127 757 3136 .
845 3031 1120 3105 λε’-*-

980 3242 1009 3301 τ.

477 3371 675 3440 Herculem
696 3375 771 3445 inde
793 3373 995 3459 potissimum
1019 3391 1090 3438 esse
1105 3370 1327 3456 depravatam,
1350 3367 1446 3455 quod,
1474 3391 1546 3436 cunr
1561 3389 1601 3436 ex

390 3475 518 3558 antiquo
541 3479 687 3562 exemplo
716 3479 992 3561 transcriberetur,
1020 3477 1164 3562 syllabae
1185 3477 1269 3542 male
1289 3476 1412 3542 divisae
1435 3481 1520 3560 sunt,
1550 3475 1602 3540 uel

390 3579 522 3646 strictim
552 3583 749 3666 percurrenti
780 3583 872 3648 oculo
904 3581 1052 3666 adparet5
1090 3600 1193 3666 pauca
1228 3580 1287 3647 sed
1313 3579 1430 3646 idonea
1456 3579 1602 3662 exempla

389 3685 565 3770 adscripsit·
580 3686 807 3772 Bernhardyus
834 3706 906 3752 cum
931 3686 973 3752 de
995 3685 1112 3752 eximia
1133 3683 1301 3770 tragoedia
1321 3705 1385 3750 non
1406 3683 1510 3748 minus
1532 3702 1601 3767 per-

388 3810 517 3856 versum
543 3790 694 3856 iudicium
724 3789 796 3858 tulit
821 3789 978 3874 quamde
1000 3789 1140 3874 reliquis
1185 3789 1305 3856 nullum
1327 3807 1404 3854 vero
1426 3792 1602 3854 memoratu

390 3892 516 3978 dignius
538 3914 633 3978 quam
656 3901 740 3960 1115

706 4018 1273 4078 axmaemuwaaosoaaworaa.
1354 4051 1358 4058 ·

389 4135 557 4220 vapularet
584 4133 680 4201 hodie
707 4154 787 4219 puer
816 4133 892 4217 quin
920 4153 992 4200 cum
1013 4134 1150 4201 Gantero
1176 4135 1299 4218 legeret
1321 4123 1343 4198 11
1365 4129 1422 4197 κᾶν
1444 4136 1531 4196 θεῶν
1552 4155 1603 4208 τις

390 4235 548 4304 εἰκάθοι
571 4235 771 4303 καταστένοι.
814 4238 1009 4324 Byzantinus
1039 4239 1188 4304 librarius
1212 4259 1275 4305 non
1307 4238 1409 4304 solum
1429 4227 1602 4300 α’κανθεών

388 4339 440 4424 τίς
462 4338 578 4408 εἴπαθ’
601 4337 632 4410 οἱ
654 4339 843 4408 καταστένοι
866 4343 1004 4430 scripsit,
1031 4343 1142 4410 sedin
1162 4345 1305 4428 margine
1327 4341 1448 4408 monuit
1469 4335 1603 4406 ἄκανθα

389 4445 488 4534 ραχίς.
530 4468 595 4515 nou
617 4448 714 4514 multo
737 4446 857 4516 maiore
878 4449 1006 4534 negotio
1022 4446 1168 4514 sananda
1182 4454 1304 4514 restant
1318 4445 1494 4530 conpluuia3
1517 4444 1603 4529 quod

389 4573 451 4618 uon
475 4552 645 4638 evenisset,
668 4553 730 4618 nisi
752 4552 908 4620 Hercules
929 4572 1033 4638 paene
1055 4558 1237 4637 contempta
1257 4553 1385 4620 iaceret
